1836 3156
686 120 914 155 INDEX.

1469 125 1507 155 15

142 216 202 246 tus,
235 209 275 240 iv.
296 212 347 240 85.
369 210 419 240 85.
443 211 495 239 86.
524 207 577 239 ubi
599 213 628 239 et
648 207 717 249 ejus
737 207 785 238 di·
829 206 965 247 Cadyfis,
988 216 1104 248 magna
1121 206 1216 248 Syriae
1231 207 1315 243 urbs,
1336 205 1368 237 ii.
1388 209 1457 240 159.
1471 207 1514 238 iii.

145 253 275 283 mensio.

104 296 239 330 Bottiaei,
256 293 400 334 populus,
422 292 473 323 vii.
491 295 560 324 185.
575 292 638 323 viii.
655 295 725 324 127.

106 338 249 371 Bottiaeis
271 337 366 378 regio,
397 336 449 365 vii.
470 339 540 366 125·
564 336 788 366 terminabatur

147 391 203 421 per
216 380 290 411 fluv.
312 379 437 420 Lydian
452 384 483 409 et
500 378 718 415 Haliacmona,
734 377 787 409 vii.

148 428 161 454 l
170 428 219 455 22⁷.

109 465 303 499 Branchidae,
327 465 381 495 ubi
404 463 568 495 oraculum
585 463 751 504 Apollinis,
769 461 793 492 1.

149 512 200 541 912.
221 511 288 539 157.
306 518 334 537 v.
348 511 400 539 56.

107 552 254 584 Brauron
266 549 516 586 Atheniensium,
531 550 570 580 iv.
594 552 662 581 145.
671 548 711 579 vi.
722 550 795 579 158.

109 594 271 626 Briantica
285 593 380 634 regio,
397 599 469 623 ante
487 592 624 626 Galaica,
640 591 690 621 vii.
707 594 778 622 108.

107 637 229 677 Briges‚
247 636 300 676 qui
310 642 417 674 postea
427 635 503 665 dicti
515 635 663 675 PhrygeS,
680 634 730 664 vii.
741 636 794 665 75.

108 680 259 719 Brongus
273 678 303 708 fl.
317 678 354 708 iv.
372 683 423 710 49.

105 722 327 752 Brundusium
338 722 420 756 urbs,
433 720 474 750 iv.
490 725 539 752 99.

108 765 209 804 Bryas
227 764 316 795 Darii
331 770 363 794 et
379 767 559 803 Artystonae
573 761 616 792 fil.
630 761 680 792 vii.
692 764 710 793 7
713 765 743 792 2.

105 807 213 848 Brygi,
233 807 376 841 Thraces,
393 807 433 836 vi.
449 810 499 837 45.
514 805 564 836 vii.
583 808 652 836 185.

106 849 231 885 Bubali,
254 850 293 879 iv.
312 853 380 881 192.

105 893 246 924 Bubares
264 892 367 928 Persa,
385 890 552 932 Megabyzi
562 888 655 927 filius,
666 900 695 920 v.
709 893 761 920 21.

150 936 201 965 vii.
217 939 268 966 21.
282 935 342 964 viii.
364 939 432 966 156.

109 978 258 1009 Bubastis
272 979 355 1013 urbs,
370 977 401 1007 ii.
417 981 467 1008 59.
483 979 555 1008 157.
572 980 642 1007 156.

105 1021 252 1052 Bubastis
269 1019 466 1060 AEgypfiace,
493 1019 606 1054 Diana,
631 1017 662 1047 ii.
680 1020 752 1049 157.

149 1066 220 1094 154.
235 1073 331 1102 prope
348 1061 522 1097 Pelusium,
538 1061 571 1091 ii.
587 1063 656 1092 156.

109 1106 303 1137 Bubastiana
316 1104 417 1145 plaga,
434 1105 465 1134 ii.
484 1108 553 1136 166.

108 1148 299 1180 Bucolicum
313 1148 430 1178 ostium
447 1147 515 1177 Nili
529 1147 684 1181 effossum,
700 1145 732 1176 11.
747 1147 795 1177 17.

107 1191 211 1224 Budii,
231 1190 402 1221 Medorum
417 1200 502 1230 genS,
518 1190 537 1220 i.
558 1193 627 1220 101.

107 1233 230 1266 Budini
258 1232 402 1273 populus,
433 1233 471 1263 iv.
502 1235 552 1263 21.
585 1234 653 1263 108.
683 1240 793 1262 eorum

149 1286 260 1312 moreS,
276 1282 330 1307 etc.
345 1276 386 1306 iv.
405 1279 474 1306 108.

107 1318 203 1350 Bulis
221 1319 381 1358 Spartiata,
407 1316 530 1348 Nicolai
544 1317 634 1353 filius,
651 1317 702 1347 vii.
720 1319 791 1347 154.

153 1362 243 1392 offert
254 1372 286 1391 se
293 1367 402 1400 sponte
417 1360 457 1390 ad
470 1360 628 1400 Talthybii
641 1360 718 1390 iram
727 1359 794 1398 pla-

152 1404 292 1439 candam,
319 1414 385 1434 una
406 1413 479 1433 cum
508 1403 663 1442 Sperthie:
697 1408 729 1432 et
743 1412 795 1433 eo-

152 1457 223 1478 rum
237 1452 314 1480 acta,
330 1446 378 1476 vii.
399 1450 468 1477 154.
483 1449 555 1477 135.
573 1450 642 1477 156.
659 1449 729 1477 157.

109 1490 198 1521 Bura
214 1490 405 1520 Achaeorum
420 1499 491 1529 opp.
505 1488 525 1519 i.
544 1492 611 1520 145.

111 1533 215 1567 Busae,
231 1531 403 1562 Medorum
417 1542 502 1572 genS,
519 1531 540 1562 i.
557 1535 627 1562 101.

112 1575 235 1607 Busiris
249 1576 331 1609 urbs,
348 1575 370 1604 ii
391 1579 442 1606 59.
456 1578 510 1605 61.

112 1617 294 1650 Busiritana
307 1617 408 1658 plaga,
424 1617 454 1647 ii.
470 1619 544 1648 165.

113 1660 292 1699 Butacides‚
308 1671 336 1690 v.
353 1664 404 1690 47.

112 1703 218 1735 Butus
236 1706 295 1744 (vel
310 1705 415 1742 potius
434 1701 535 1740 Bato)
559 1702 633 1731 urbs
652 1701 793 1741 AEgypti,

153 1745 208 1776 ubi
218 1745 382 1775 oraculum
396 1745 538 1780 Latonae,
554 1744 586 1773 ii.
596 1748 646 1775 59.
658 1747 708 1774 65.
727 1746 799 1774 155.

113 1788 272 1829 Bybassia,
287 1789 304 1818 i.
324 1791 392 1818 174.

113 1830 233 1872 Byblus
247 1830 469 1871 [Egyptiorum
486 1830 615 1870 ejusque
625 1828 797 1869 descriptio,

153 1874 185 1904 ii.
196 1877 246 1905 92.

112 1916 304 1957 Byzantium
313 1917 351 1945 ab
362 1915 494 1945 Ionibus
504 1915 678 1950 subactum,
687 1925 715 1944 v.
731 1918 799 1945 105.

114 1959 259 1999 Byzantii
274 1960 312 1989 ab
327 1959 430 1989 Otane
445 1957 536 1998 capti,
554 1968 582 1988 v.
598 1961 648 1988 26.

449 2086 475 2117 C

116 2172 247 2204 Cabales
261 2182 337 2213 gens
355 2171 480 2207 Africae,
501 2170 543 2201 iv.
561 2173 630 2202 171.

121 2215 249 2251 Cabalit
264 2214 410 2255 populuS,
426 2214 468 2244 iii.
480 2218 530 2245 90.

119 2258 268 2289 Cabelees
284 2258 428 2293 Meones,
451 2256 506 2297 qui
520 2262 551 2287 et
567 2254 703 2290 Lasonii‚
727 2265 802 2286 cum

159 2302 267 2331 Xerxe
281 2300 458 2336 militantes,
471 2305 502 2330 et
517 2309 626 2330 eorum
641 2304 800 2329 armatura

157 2350 189 2374 et
203 2343 276 2379 dux,
290 2343 338 2372 vii.
353 2346 403 2374 77.

118 2387 304 2418 Cabirorum
333 2396 428 2422 sacra,
455 2385 485 2414 ii.
517 2388 567 2416 51.
592 2394 701 2415 eorum
723 2390 802 2415 tem-

157 2429 248 2469 plum
267 2430 435 2468 Cambyses
448 2428 602 2468 profanat,
617 2427 660 2457 iii.
675 2431 727 2458 37.

121 2472 262 2503 Cadmus
280 2472 441 2511 Agenoris,
458 2471 500 2500 fil.
518 2471 556 2500 iv.
576 2473 643 2500 147.
658 2481 686 2499 v.
701 2473 751 2501 58.
772 2477 803 2501 et

159 2518 210 2546 59.
229 2514 364 2545 Semeles
377 2520 473 2552 pater,
489 2513 520 2543 ii.
537 2515 586 2544 45.
605 2514 740 2543 Theram
752 2523 806 2553 ap-

158 2557 253 2596 penit,
265 2567 293 2586 v.
308 2561 376 2587 147.
391 2556 475 2586 venit
495 2556 529 2586 in
541 2555 701 2590 Boeotiam,
718 2556 747 2586 ii.
756 2561 806 2588 49.

130 2599 269 2634 Cadmei,
284 2599 305 2628 i.
322 2603 390 2629 146.
408 2598 556 2639 Pelasgos
569 2598 705 2638 ejiciunt,
722 2599 742 2629 1.
756 2603 806 2631 56.

164 2642 294 2673 Cadmei
308 2642 346 2672 ab
372 2641 498 2681 Argivis
511 2642 609 2682 ejecti,
632 2652 661 2671 v.
682 2645 732 2672 57.
754 2646 805 2673 61.

163 2685 197 2715 in
209 2695 262 2715 eos
273 2683 428 2724 expeditio
442 2684 691 2720 Atheniensium,
704 2684 744 2714 ix.
755 2687 805 2716 27.

124 2728 270 2759 Cadmeae
284 2727 401 2763 litterae,
418 2737 446 2757 v.
462 2731 513 2759 59.

123 2771 262 2801 Cadmea
283 2770 427 2812 quaedam
446 2769 573 2800 victoria
594 2770 808 2801 Phocensibus

163 2813 282 2854 obtigit,
298 2814 317 2843 i.
338 2817 406 2844 166.

127 2855 266 2887 Cadmus
283 2856 377 2891 Cous,
397 2855 517 2896 Scythis
532 2855 622 2890 filius,
639 2856 808 2898 110111031ιὸ-

166 2898 242 2929 titiae
257 2899 413 2931 amantiss.
426 2898 477 2930 vii.
492 2902 564 2930 165.
579 2902 648 2930 164.

871 254 901 282 5.
922 260 941 280 a
957 250 1047 280 Neco
1068 260 1141 290 rege
1163 256 1321 289 occupata.
1345 250 1418 282 ibid.
1440 251 1515 281 urbs

872 302 936 322 non
951 293 1054 323 minor
1067 302 1163 334 quam
1180 292 1291 328 Sardis,
1306 292 1350 323 111.
1360 296 1390 324 5.

834 335 977 366 Caenides
993 335 1117 371 Eetion,
1134 346 1161 365 v.
1179 339 1229 367 92.
1243 334 1270 374 ἓ.
1287 338 1318 366 2.

836 378 922 409 Caici
937 388 1066 417 campus
1083 379 1258 418 Mysorum,
1275 378 1315 410 vi.
1331 382 1381 409 28.

838 420 952 451 Caicus
966 420 1089 456 fluvius,
1107 421 1161 451 vii.
1172 424 1224 452 42.

837 463 1003 500 Calamisa,
1020 463 1060 494 ix.
1079 467 1128 494 96.

838 505 1006 537 Calamitas
1016 505 1176 536 dimidiata
1191 512 1237 537 est
1251 505 1350 537 occidi
1361 507 1400 537 ab
1414 506 1520 548 digno,

878 559 906 579 v.
928 553 997 579 111.

837 591 989 623 Calantiae
1006 591 1088 627 Indi,
1104 591 1148 621 iii.
1164 594 1214 622 97.
1227 594 1294 623 vide
1311 591 1451 623 Calatiae.

839 634 984 666 Calasiris
997 635 1091 665 vestis
1106 644 1230 670 nomen,
1244 634 1276 664 ii.
1291 638 1341 665 81.

840 677 1002 709 Calasiries
1025 677 1168 717 AEgyptii
1182 684 1380 717 pugnatores,
1403 677 1435 708 ii.
1452 681 1520 710 164.
1542 680 1545 686 '

879 721 920 751 ix.
934 724 986 751 32.
1000 719 1058 750 soli
1073 720 1130 750 arti
1151 719 1277 750 militari
1291 730 1418 760 operam
1436 721 1520 757 dant,

878 763 909 793 ii.
933 767 1001 795 166.
1026 766 1094 794 168.
1118 764 1170 795 ubi
1193 769 1221 794 ec
1242 764 1314 793 alia.
1339 762 1524 794 Calasirium

877 806 987 846 plagae,
1009 805 1041 835 ii.
1058 809 1126 836 166.

839 849 968 881 Calatiae
986 848 1059 878 Indi
1080 847 1260 887 parentibus
1279 855 1459 885 vescuntur,
1480 849 1524 879 iii.

880 895 932 922 58.
946 898 979 922 at
993 902 1060 931 cap.
1075 896 1126 922 97.
1140 897 1291 922 vocantur
1309 891 1471 922 Calantiae.

842 934 980 970 Calchas,
996 934 1047 963 vii.
1061 937 1112 965 91.

838 976 1057 1013 Calchedonia‚
1095 976 1135 1007 iv.
1169 980 1219 1008 85.
1251 975 1466 1016 calchedonii,
1492 987 1521 1009 v.

838 1062 1041 1094 Calculorum
1055 1061 1151 1092 ludus
1171 1061 1318 1093 inventus
1331 1072 1351 1093 a
1372 1062 1478 1103 Lydis,
1501 1062 1521 1094 1.

837 1148 1016 1179 Callatebus
1027 1149 1108 1184 urbs,
1126 1147 1174 1177 vii.
1191 1151 1243 1178 51.

837 1191 946 1223 Calliae
972 1191 1136 1230 Phaenippi
1158 1190 1214 1220 filii
1231 1189 1340 1220 odium
1360 1190 1394 1220 in
1416 1196 1522 1230 tyran-

878 1244 943 1270 nos,
975 1234 1014 1264 vi.
1047 1237 1113 1264 121.
1146 1233 1230 1264 solus
1256 1234 1339 1263 bona
1370 1233 1523 1264 Pisistrati

880 1277 1014 1307 Athenis
1036 1276 1125 1317 ejecti
1138 1287 1234 1306 ausus
1249 1286 1358 1311 emere,
1373 1276 1448 1306 ibid.
1472 1278 1526 1307 ubi

877 1322 940 1350 alia
961 1323 997 1350 de
1019 1322 1131 1354 eodem,
1157 1323 1227 1350 122.
1243 1319 1366 1349 filiabus
1388 1325 1525 1358 nuptum

880 1362 933 1392 dat
955 1373 993 1393 ex
1016 1362 1260 1392 Atheniensibus
1274 1371 1370 1403 quem
1390 1372 1525 1403 quaeque

880 1405 1004 1445 deligat,
1015 1405 1056 1435 iv.
1073 1408 1139 1435 122.

841 1448 956 1479 Callias
979 1447 1078 1479 Eleus
1094 1447 1289 1477 Iamidarum
1303 1456 1395 1483 unus,
1419 1446 1526 1478 vatici-

880 1501 949 1526 nus,
968 1501 996 1520 v.
1012 1493 1062 1520 44.
1077 1494 1128 1520 45.

841 1533 956 1565 Callias
972 1532 1146 1572 Hipponici
1160 1532 1250 1566 filius,
1263 1531 1313 1561 vii.
1329 1535 1398 1564 151.

841 1576 997 1607 Calliades
1021 1575 1183 1606 summum
1210 1575 1344 1605 Athenis
1364 1574 1526 1616 magistra-

880 1626 950 1649 tum
965 1619 1055 1659 gerit,
1070 1618 1131 1647 viii.
1148 1621 1195 1649 51.
1264 1645 1266 1649 .

843 1661 1022 1693 Callicrates
1036 1661 1165 1701 ejusque
1183 1660 1282 1690 virtus
1296 1666 1327 1691 et
1347 1660 1528 1691 moribundi

883 1704 1011 1739 dictum,
1035 1704 1076 1733 ix.
1092 1706 1144 1734 72.
1161 1704 1228 1744 ejus
1242 1703 1421 1742 sepulcrum
1441 1703 1527 1743 apud

884 1746 1147 1781 Lacedaemonios,
1163 1746 1203 1775 ix.
1219 1750 1273 1776 85.

843 1789 1054 1821 Callimachus
1079 1788 1277 1828 Aphidnaeus
1301 1788 1527 1828 polemarchus,

882 1833 922 1862 vi.
951 1835 1021 1864 109.
1046 1832 1113 1872 ejus
1137 1831 1236 1862 virtus
1261 1836 1292 1861 et
1315 1831 1466 1868 interitus,
1490 1831 1530 1862 vi.

845 1917 1009 1956 Callipidae
1029 1917 1168 1956 populus
1195 1916 1329 1956 Scythiae
1343 1929 1350 1948 :
1376 1916 1472 1947 iidem
1497 1923 1528 1947 et

887 1959 1123 2000 Graecoscythae‚
1139 1959 1178 1990 iv.
1197 1962 1245 1990 17.

845 2002 1058 2042 Callipolitani
1072 2013 1145 2042 pop.
1156 2002 1208 2032 vii.
1225 2005 1293 2033 154.

843 2044 973 2076 Callista
986 2045 1095 2081 insula,
1111 2045 1152 2075 iv.
1170 2047 1240 2076 147.

844 2087 933 2118 Calvi
955 2088 1064 2128 populi
1078 2089 1117 2118 ab
1139 2087 1206 2127 ipso
1228 2086 1333 2123 natali,
1355 2086 1528 2129 itidemque

884 2131 1010 2161 feminae
1025 2130 1128 2166 calvae,
1152 2130 1190 2160 iv.
1207 2134 1256 2160 ‘2:3.

846 2173 934 2204 Calvi
948 2173 1127 2212 paucissimi
1141 2172 1225 2212 apud
1242 2172 1396 2213 AEgytios
1420 2178 1452 2203 et
1462 2182 1525 2209 cur,

884 2217 926 2246 iii.
944 2220 990 2246 12.

847 2259 1011 2289 Calvitiem
1026 2258 1102 2299 quid
1112 2257 1272 2298 impediat,
1287 2257 1361 2288 ibid.

845 2301 1012 2333 Calumnia
1037 2301 1122 2332 unde
1147 2301 1182 2330 in
1208 2300 1294 2337 aulis,
1320 2300 1362 2331 iii.
1389 2303 1439 2331 80.
1462 2300 1530 2341 ejus

885 2344 1014 2384 propria,
1031 2344 1081 2373 vii.
1101 2348 1149 2374 10.
1164 2345 1192 2384 ἓ.
1208 2346 1240 2375 7.

848 2386 992 2427 Calydnii
1007 2397 1079 2426 pop.
1093 2386 1144 2416 vii.
1160 2391 1210 2418 99.

848 2430 1095 2470 Calyndensium
1123 2439 1185 2465 rex,
1209 2434 1242 2459 et
1269 2427 1356 2459 navis
1380 2427 1528 2465 demersa,

886 2473 949 2502 viii.
965 2476 1014 2504 87.

851 2515 1013 2555 Calyndici
1028 2521 1157 2550 montes,
1170 2514 1190 2544 i.
1206 2517 1276 2545 172.

852 2559 1017 2589 Camarina
1059 2558 1219 2598 quondam
1257 2558 1530 2597 Syracusanorum,

891 2602 942 2631 vii.
961 2604 1030 2632 154.
1043 2611 1148 2630 eversa
1162 2611 1180 2630 a
1198 2599 1332 2638 Gelone,
1356 2599 1406 2629 vii.
1424 2603 1493 2631 156.

849 2644 1025 2684 Cambyses
1045 2644 1119 2684 Cyri
1146 2648 1241 2682 pater,
1262 2642 1284 2672 i.
1303 2646 1354 2673 46.
1373 2645 1443 2673 107.
1467 2647 1537 2673 112.

891 2690 962 2718 207.
982 2686 1034 2716 vii.
1059 2690 1108 2717 11.
1132 2686 1161 2716 ei
1175 2686 1208 2715 in
1223 2684 1458 2716 matrimonium
1473 2692 1535 2717 tra-

892 2729 956 2759 dita
970 2728 1034 2759 filia
1051 2729 1211 2769 Astyagis,
1227 2729 1249 2758 i.
1262 2731 1333 2760 107.

853 2773 1022 2812 Cambyses
1043 2782 1095 2802 rex
1112 2772 1197 2801 Pers.
1223 2771 1297 2811 Cyri
1311 2777 1343 2802 et
1365 2771 1537 2802 Cassanda-

894 2826 944 2845 nae
968 2815 1146 2854 Phamaspe
1171 2814 1284 2854 genitae
1309 2814 1402 2852 filius,
1425 2816 1445 2844 i.
1468 2818 1536 2844 107.

895 2858 929 2887 ii.
950 2861 976 2888 1.
990 2857 1033 2888 iii.
1056 2862 1083 2888 2.
1099 2857 1166 2898 ejus
1181 2867 1281 2897 genus
1295 2857 1351 2887 sibi
1371 2856 1537 2887 vendicant.

898 2900 1053 2942 AEgyptii‚
1067 2901 1109 2932 iii.
1123 2904 1151 2931 2.
1165 2910 1299 2942 regnum
1317 2900 1392 2940 Cyri
1401 2899 1536 2939 suscipit,
