1836 3156
466 158 947 208 POLYMNIA
981 158 1104 207 VII.
1370 164 1459 210 167

119 299 148 321 ‘⁶
170 291 379 356 μαίνοντες
400 294 555 346 τοῦτον,
591 289 666 337 καὶ
701 288 817 354 παροὶ
844 289 913 343 τὴν
937 289 1086 336 ἑωυτῶν
1109 288 1223 348 φύσιν
1247 288 1460 352 ἀμείνονες,

118 375 146 397 ⁶⁶
171 368 247 415 καὶ
268 372 354 414 ἴοιεν
378 366 705 430 ἀναγκαζόμενοι
747 367 927 429 μάστιγι
965 367 1003 419 ἐς
1041 369 1218 419 πλεῦνας
1254 367 1461 420 ἐλάσσονες

121 453 149 473 “
172 445 307 497 ἐόντες·
341 443 530 506 ἀνειμένοι
567 442 606 490 δὲ
631 444 668 496 ἐς
690 440 738 489 τδ
761 442 975 506 ἐλεύθερον,
1014 443 1088 488 οὐκ
1111 441 1160 488 ἂν
1183 442 1343 489 ποιέοιεν
1366 461 1460 489 του-

118 529 145 550 “
168 521 261 568 τέων
296 519 491 583 οὐδέτερα.
563 519 709 566 Δοκέω
733 517 773 565 δὲ
797 518 925 578 ἔγωγε
958 518 1032 565 καὶ
1057 518 1332 572 ἀνισωθέντας
1357 520 1462 573 πλη-

32 607 93 647 25
120 605 149 627 “
171 600 253 653 θεῖ,
279 601 476 658 χαλεπῶς
510 594 559 642 ἂν
586 595 797 650 “Έλληνας
820 594 993 659 Πέρσῃσι
1017 595 1198 657 μούνοισι
1221 596 1462 658 μάχεσθαι.

122 682 150 703 ‘⁶
172 673 290 721 ἀλλοὶ
313 674 409 737 παρ’
448 674 538 735 ἡμῖν
561 671 684 719 τοῦτό
708 672 790 718 ἐστι
822 670 870 718 τδ
892 670 942 718 σι)
964 671 1112 731 λέγεις·
1149 670 1232 717 ἔστι
1257 689 1306 730 γε
1329 671 1464 733 μέντοι

120 757 152 780 “
176 752 222 798 ού
256 749 422 806 πολλδν,
449 748 566 796 ἀλλα
591 749 769 795 σπάνιον.
796 747 868 795 εἰσὶ
905 747 987 811 γοὶρ
1028 747 1221 811 Περσέων,
1257 751 1331 793 τῶν
1365 749 1466 809 ἐμῶν

121 835 149 856 ‘⁶
173 827 444 890 αἰχμοφόρων,
470 825 509 873 οἳ
529 826 763 880 ἐθελῆσουσι
786 825 992 879 Ἑλλήνων
1032 825 1196 888 ἀνδράσι
1235 823 1338 887 τρισὶ
1363 823 1466 886 ὁμοῦ

125 911 155 932 “
178 905 419 967 μάχεσθαι·
456 907 530 949 τῶν
555 901 604 948 σι)
629 901 693 948 ἐῶν
717 902 891 966 ἄπειρος,
917 899 1059 947 πολλοὶ
1084 899 1330 964 φλυηρέεις.”

188 995 284 1026 C1V.
353 977 462 1042 Πρός
502 982 644 1024 ταῦτα
683 978 933 1041 Δημάρητος
965 977 1090 1037 λέγει·
1132 984 1159 1004 “
1174 976 1250 1023 ΤΩ
1276 979 1465 1040 βασιλεῦ,

121 1064 148 1085 “
171 1057 352 1119 ἀρχῆθεν
377 1055 626 1118 ἠπιστάμην,
653 1052 713 1100 ὅτι
737 1054 915 1117 ἀληθηίη
937 1055 1167 1118 χρεώμενος,
1204 1054 1249 1100 οὐ
1273 1053 1382 1113 φίλα
1406 1071 1466 1099 τοι

123 1141 151 1163 “
175 1133 274 1197 ἐρέω.
300 1131 350 1179 σι)
375 1131 414 1179 δὲ
439 1130 524 1179 ἐπεὶ
547 1132 790 1191 ἠνάγκασας
811 1131 941 1191 λέγειν
964 1136 1039 1178 τῶν
1073 1131 1204 1191 λόγων
1239 1129 1335 1183 τούς
1368 1131 1468 1185 ἀλη-

123 1216 154 1239 “
178 1210 423 1265 θεστάτους,
459 1208 596 1269 ἐ’λεγον
633 1207 690 1255 τοὶ
724 1209 961 1263 κατήκοντα
988 1208 1280 1272 Σπαρτιητησι.
1313 1207 1466 1263 καίτοι,

71 1297 100 1334 5
126 1295 154 1316 “
175 1289 226 1340 ῶς
248 1286 329 1347 ἐγῶ
367 1286 565 1346 τυγχάνω
604 1284 661 1333 τοὶ
702 1290 763 1332 νῦν
803 1286 900 1332 τάδε
925 1285 1119 1349 ἐστοργὼς
1142 1284 1320 1340 ἐκείνους,
1346 1284 1471 1338 αύτδς

127 1370 157 1392 ⁶⁶
179 1364 372 1427 μάλιστα
396 1363 634 1418 ἐξεπίστεαι,
660 1362 702 1408 οἵ
717 1381 770 1424 με
786 1363 903 1424 τιμην
921 1381 965 1408 τε
987 1362 1062 1408 καὶ
1087 1362 1205 1425 γέρεα
1229 1360 1469 1423 ἀπελόμενοι

128 1448 157 1469 “
182 1442 386 1505 πατρώια,
425 1440 574 1486 ἄπολίν
597 1458 640 1486 τε
663 1438 739 1486 καὶ
773 1439 947 1499 φυγάδα
979 1440 1242 1493 πεποιηκασι·
1273 1437 1408 1501 πατὴρ
1432 1437 1471 1485 δὲ

127 1525 155 1546 “
179 1516 246 1571 σδς
270 1517 574 1579 ὑποδεξάμενος,
598 1516 687 1579 βίον
712 1516 755 1562 τέ
792 1534 863 1578 μοι
899 1514 975 1562 καὶ
1011 1515 1113 1561 οἷκον
1150 1514 1306 1561 δέδωκε.
1349 1514 1472 1560 οὔκων

131 1603 159 1623 ‘⁶
184 1595 289 1648 οἰκός
313 1596 395 1642 ἐστι
421 1594 544 1658 ἄνδρα
568 1592 635 1641 τόν
658 1595 836 1657 σώφρονα
861 1593 999 1647 εὐνοίην
1023 1591 1252 1654 φαινομένην
1292 1591 1474 1638 διωθέεσ-

46 1681 106 1720 10
132 1679 160 1700 ‘⁶
183 1674 282 1729 θαι,
323 1669 440 1718 ἀλλα
480 1670 652 1734 στέργειν
686 1671 895 1733 μάλιστα.
963 1668 1082 1730 Ἐγῶ
1104 1667 1145 1716 δέ
1170 1667 1259 1715 οὔτε
1284 1667 1385 1714 δέκα
1408 1667 1475 1714 ἀν-

129 1756 158 1777 ⁶‘
182 1749 295 1813 δράσι
334 1747 570 1811 ὑπίσχομαι
605 1747 683 1800 οἷός
723 1766 766 1794 τε
809 1747 904 1793 εἶναι
944 1747 1185 1809 μάχεσθαι,
1223 1745 1313 1792 οὔτε
1339 1745 1474 1791 δυοῖσι·

132 1835 161 1856 ‘⁶
185 1827 280 1874 ἑκών
314 1845 358 1873 τε
395 1826 491 1873 εἷναι
528 1825 608 1872 οὐδ’
650 1823 699 1871 ἂν
739 1824 1084 1887 μουνομαχέοιμι.
1126 1824 1158 1869 εἰ
1189 1822 1229 1869 δὲ
1265 1821 1476 1882 ἀναγκαίη

132 1911 161 1932 “
184 1907 254 1959 εἴη,
281 1903 303 1956 ἢ
327 1900 464 1964 μέγας
487 1920 549 1954 τις
574 1900 595 1947 ὁ
617 1900 829 1963 ἐποτρύνων
853 1899 976 1960 ἀγῶν,
1000 1899 1214 1962 μαχοίμην
1245 1897 1294 1945 ἂν
1317 1899 1477 1946 πάντων

132 1987 161 2007 “
183 1980 332 2033 ἥδιστα
356 1977 407 2024 ἑνὶ
431 1977 599 2024 τουτέων
623 1982 697 2023 τῶν
721 1977 876 2040 ἀνδρῶν,
915 1976 954 2022 οἳ
983 1976 1184 2030 Ἑλληνων
1207 1974 1380 2027 ἕκαστός
1404 1987 1475 2033 φη-

49 2065 108 2104 15
133 2063 159 2084 ‘⁶
184 2075 222 2102 σι
246 2060 355 2119 τριῶν
379 2054 490 2110 οἵξιος
513 2054 623 2101 εἶναι.
649 2054 699 2106 ὣς
722 2052 762 2100 δὲ
786 2052 861 2100 καὶ
899 2051 1232 2115 Λακεδαιμόνιοι,
1263 2050 1381 2098 κατοὶ
1404 2050 1475 2114 μὲν

134 2140 163 2161 ‘⁶
188 2132 252 2179 ἕνα
277 2131 540 2195 μαχεόμενοι,
568 2130 753 2193 οὐδαμῶν
778 2130 850 2177 εἰσὶ
871 2128 1054 2182 κακίονες
1077 2129 1234 2192 ἀνδρῶν·
1270 2128 1385 2181 ἁλέες
1422 2127 1474 2184 δὲ,

134 2216 162 2238 “
184 2208 338 2273 οἵριστοι
384 2208 524 2272 ἀνδρῶν
571 2209 774 2255 ἁπάντων.
846 2207 1082 2270 Ἐλεύθεροι
1123 2204 1205 2270 γοὶρ
1246 2205 1382 2261 ἐόντες,
1431 2206 1476 2252 οὐ

133 2292 159 2313 “
184 2285 326 2333 πάντα
362 2284 566 2349 ἐλεύθεροί
595 2286 680 2331 εἰσι·
709 2284 844 2331 ἐ’πεστι
869 2283 953 2348 γάρ
993 2296 1062 2342 σφι
1101 2282 1308 2338 δεσπότης,
1346 2282 1476 2345 νόμος,

135 2370 163 2391 “
187 2363 253 2410 τὸν
277 2363 604 2426 ὑποδειμαίνουσι
630 2365 773 2424 πολλῶ
798 2362 854 2408 ἔτι
873 2362 1050 2422 μᾶλλον,
1077 2362 1098 2414 ἢ
1123 2359 1237 2407 oio-o>
1259 2360 1316 2406 σέ.
1343 2364 1475 2406 ποιεῦ-

47 2449 111 2488 20
136 2447 165 2469 “
189 2460 228 2487 σι
264 2445 343 2500 γῶν
380 2439 437 2487 τοὶ
474 2439 522 2486 ἂν
558 2442 695 2492 ἐκεῖνος
730 2440 878 2502 ἀνώγῃ·
904 2439 1046 2498 ἀνώγει
1071 2438 1110 2485 δέ
1133 2436 1263 2483 τώυτὸ
1287 2435 1378 2491 αιέἷ,
1403 2437 1477 2483 οὐκ

136 2524 163 2545 ⁶⁶
187 2518 251 2564 ἐῶν
291 2516 448 2576 φεύγειν
489 2516 594 2563 οὐδὲν
637 2518 804 2569 πλῆθος
843 2516 1059 2579 ἀνθρώπων
1094 2515 1139 2561 ἐκ
1161 2513 1322 2576 μάχης,
1360 2511 1477 2559 ἀλλα

138 2600 165 2621 “
188 2593 377 2656 μένοντας
401 2593 436 2638 ἐν
458 2595 510 2656 τῇ
544 2593 671 2648 τάξει,
709 2591 951 2655 ἐπικρατέειν
974 2592 996 2645 ἢ
1021 2591 1310 2637 ἀπόλλυσθαι.
1353 2588 1414 2635 σοὶ
1437 2585 1477 2633 δὲ

139 2676 166 2697 “
189 2671 221 2716 εἰ
244 2669 443 2731 φαίνομαι
466 2673 607 2715 ταῦτα
629 2669 756 2728 λέγων
781 2668 991 2732 φλυηρέειν,
1025 2667 1170 2715 τοῖλλα
1193 2669 1315 2731 σιγᾷν
1350 2666 1479 2714 ἐθέλω
