1805 3151
136 297 267 329 Eretriae

137 340 331 381 Athenisque

135 382 178 424 [5‚
197 383 259 425 99.]
270 383 334 413 bel-

134 425 202 455 lum
217 425 320 456 illatu-

134 478 195 499 rus,

138 1243 186 1273 Ac
199 1242 334 1281 primum

133 1285 269 1326 quidem,

135 1330 226 1368 (nam
240 1327 266 1356 is

133 1370 229 1400 modo
244 1379 322 1408 prae-

134 1419 239 1443 textus
253 1412 315 1442 fuit

135 1454 305 1494 expeditio-

135 1497 208 1537 nis,)
229 1498 312 1528 Tha-

135 1540 173 1570 sii
188 1546 219 1571 et
235 1541 307 1571 Ma-

133 1582 266 1613 cedones

135 1626 334 1666 subiguntur.

137 1669 241 1699 Thaso
256 1679 309 1699 ex-

133 1717 283 1751 pugnata,

135 1754 213 1784 dum
233 1754 337 1785 classis

136 1798 249 1827 Athon
262 1797 306 1827 le-

137 1839 191 1879 git,
208 1846 287 1869 tem-

135 1888 237 1921 pestas
251 1893 303 1912 ve-

136 1926 266 1955 hemens

136 1967 283 2005 cooritur,

137 2010 226 2050 cujus
240 2011 270 2040 vi

136 2052 280 2092 plurimae

138 2106 230 2126 naves
250 2106 337 2136 pere-

138 2145 204 2168 unt.

139 2587 247 2617 Nihilo
261 2588 306 2618 fe-

135 2630 223 2661 licior
236 2641 290 2670 pe-

136 2672 238 2704 dester
252 2684 304 2704 ex-

135 2715 248 2747 ercitus
260 2730 267 2747 z

136 2769 230 2799 quem
245 2760 278 2790 in

356 178 416 222 78
785 165 1255 215 HERODOTI

355 300 562 363 ἐκομίζετο
596 298 694 362 οἶμα
726 302 818 362 τῇσι
853 299 1000 361 ἄλλῃσι
1036 296 1156 352 νηυσὶ,
1193 295 1378 360 στρατιὴν
1412 295 1451 342 δὲ
1473 294 1541 349 τὴν
1564 294 1688 357 πεζὴν

355 377 476 423 οἵλλοι
499 375 685 438 ἡγεμόνες
706 374 800 435 ἧγον
825 375 891 422 ἐπὶ
912 374 978 422 τᾶν
999 374 1314 427 Ἑλλησποντον.
1382 374 1472 425 “Ως
1490 371 1530 418 δὲ
1554 390 1688 435 παρα-

355 452 483 498 πλέων
505 451 574 504 τὴν
595 451 744 505 Ἀσίην
777 451 951 497 ἀπίκετο
987 450 1008 495 ὁ
1043 448 1268 513 Μαρδόνιος
1301 449 1339 500 ές
1361 447 1428 501 τὴν
1450 448 1609 502 Ἰωνίην,
1634 448 1688 494 {vn
1718 455 1775 494 lO

354 530 504 575 θαῦτα
547 527 738 590 μέγιστον
783 530 913 590 θῶμα
963 527 1048 590 ἐρέω
1097 531 1197 573 τοῖσι
1246 524 1304 588 μὴ
1365 525 1690 587 ἀποδεκομένοισι

353 606 567 660 Ἑλλήνων,
593 605 767 668 Περσέων
790 610 890 651 τοῖσι
915 603 1023 651 ἑπτοὶ
1046 603 1233 649 Ὀτάνεα
1269 603 1425 664 γνώμην
1465 602 1691 656 ἀποδέξασ-

355 682 434 726 θαι
457 682 507 734 ὦς
528 679 638 744 χρεὸν
662 685 715 734 εἴη
739 680 1089 744 δημοκρατέεσθαι
1126 679 1298 742 Πέρσας·
1333 677 1426 731 τούς
1449 676 1531 742 γοὶρ
1553 680 1693 742 τυράν-

356 775 439 809 νους
460 760 534 802 τῶν
573 756 710 802 Ἰώνων
746 756 1032 808 καταπαύσας
1055 756 1217 807 πάντας
1252 754 1272 799 ὁ
1308 754 1546 818 Μαρδόνιος,
1570 754 1692 817 δημο-

355 834 528 898 κρατίας
545 833 727 879 κατίστα
748 835 785 885 ές
801 832 879 885 τας
893 832 1054 885 πόλιας.
1078 836 1220 878 ταῦτα
1243 830 1282 878 δὲ
1298 831 1483 887 ποιησας,
1500 831 1690 891 ἠπείγετο
1719 838 1776 878 15

356 910 394 962 ἐς
415 908 482 956 τόν
504 910 819 962 Ἑλλησποντον.
888 911 979 961 “Ως
1003 909 1041 955 δὲ
1065 908 1288 968 συνελέχθη
1310 906 1382 970 μὲν
1414 911 1558 971 χρῆμα
1591 916 1694 954 πολ-

355 985 423 1032 λόν
447 991 543 1041 νεῶν,
567 987 791 1047 συνελέχθη
814 985 853 1033 δὲ
876 986 951 1033 καὶ
977 985 1100 1049 πεζὰς
1134 985 1286 1038 πολλὸς
1320 983 1505 1048 στρατὸς,
1530 982 1695 1032 διαὲάν-

355 1081 421 1115 τες
442 1066 533 1126 τῇσι
559 1062 665 1116 νηυσὶ
688 1061 753 1109 τὸν
775 1064 1089 1117 Ἑλλήσποντον,
1114 1062 1337 1126 ἐπορεύοντο
1361 1060 1429 1108 διοὶ
1458 1065 1526 1115 τῆς
1562 1062 1696 1125 Εὐρώ-

357 1155 449 1192 πης·
486 1139 708 1202 ἐπορεύοντο
733 1138 773 1186 δὲ
797 1139 869 1186 ἐπί
885 1158 929 1186 τε
951 1138 1155 1203 Ἐρέτριαν
1177 1138 1252 1185 καὶ
1273 1139 1480 1192 Ἀθηνας.

422 1231 551 1262 XLIV.
620 1213 765 1262 Αὖται
788 1216 860 1278 μὲν
881 1215 929 1261 ὧν
952 1228 1022 1275 σφι
1046 1215 1271 1280 πρόσχημα
1296 1215 1387 1261 ἐ’σαν
1427 1220 1501 1262 τοῦ
1524 1215 1691 1262 στόλου.

358 1291 480 1355 ἀτάρ,
506 1293 541 1338 ἐν
565 1292 634 1354 νόω
657 1292 811 1352 ἔχοντες
834 1291 931 1346 ὅσας
954 1291 1001 1338 ἂν
1025 1293 1225 1345 πλείστας
1255 1292 1434 1339 δύναιντο
1467 1292 1695 1356 καταστρέ-

358 1370 513 1426 φεσθαι
537 1372 611 1414 τῶν
633 1369 876 1422 Ἑλληνίδων
898 1369 1058 1424 πολίων,
1092 1373 1214 1415 τοῦτο
1247 1367 1318 1431 μὲν
1353 1368 1416 1425 δὴ,
1456 1371 1548 1431 τῇσι
1591 1367 1697 1422 νηυσὶ

361 1445 558 1500 Θασίους,
583 1444 671 1491 οὐδὲ
694 1450 830 1509 χεῖρας
852 1445 1195 1510 ἀνταειραμένους,
1226 1446 1578 1510 κατεστρέψαντο·
1604 1449 1697 1492 τοῦ-

358 1540 405 1568 το
429 1521 469 1569 δὲ
493 1525 551 1583 τῷ
574 1522 682 1583 πεζῷ
709 1522 969 1578 Μακεδόνας,
993 1521 1089 1586 πρός
1118 1528 1218 1569 τοῖσι
1254 1522 1497 1586 ὑπάρχουσι,
1533 1522 1698 1577 δούλους

357 1600 692 1662 προσεκτησαντο·
727 1597 785 1645 τοὶ
809 1598 890 1663 γοὶρ
914 1598 1017 1652 ἐντὸς
1043 1599 1286 1646 Μακεδόνων
1320 1599 1440 1646 ἔθνεα
1463 1601 1604 1647 πάντα
1627 1612 1698 1660 σφι

357 1674 400 1730 ἧν
421 1675 498 1729 ἤδη
516 1675 728 1739 ὑποχείρια
751 1676 965 1735 γεγονότα.
1034 1675 1116 1723 Ἐκ
1139 1675 1210 1739 μὲν
1234 1676 1279 1730 δὴ
1306 1678 1453 1724 Θάσου
1479 1675 1694 1724 διαζαλόν-

358 1770 424 1805 τες
446 1751 570 1815 πέρην,
595 1751 677 1798 ὑπὸ
699 1751 767 1805 την
789 1752 938 1816 ἤπειρον
962 1753 1196 1816 ἐκομίζοντο
1229 1753 1350 1817 μέχρι
1387 1754 1627 1800 Ἀκάνθου·
1652 1755 1697 1800 ἐκ

361 1827 400 1875 δὲ
422 1830 647 1876 Ἀκάνθου
672 1829 915 1892 ὁρμεώμενοι,
939 1829 1005 1877 τὸν
1023 1832 1173 1877 ”Αθων
1197 1828 1468 1894 περιέζαλλον.
1503 1831 1697 1878 ἑπιπεσῶν

360 1904 399 1951 δέ
434 1917 504 1964 σφι
539 1907 791 1969 περιπλέουσι
829 1909 948 1970 βορῆς
978 1906 1135 1969 οἵνεμος,
1173 1906 1311 1968 μέγας
1343 1925 1386 1953 τε
1421 1906 1496 1953 καὶ
1533 1908 1694 1971 οἵπορος,

358 1984 494 2046 κάρτα
517 1984 687 2047 τρηχέως
709 1984 890 2048 περιέσπε
914 1985 1072 2039 πληθεῖ
1089 1982 1252 2037 πολλάς
1274 1989 1349 2031 τῶν
1372 1989 1468 2041 νεῶν,
1487 1984 1696 2033 ὲκὲάλλων

360 2059 455 2123 πρός
477 2059 543 2107 τὸν
562 2062 722 2108 ”Αθων.
745 2061 912 2122 λέγεται
937 2060 1019 2125 γοὶρ
1041 2060 1158 2108 κατοὶ
1175 2063 1402 2125 τριηκοσίας
1423 2062 1494 2125 μὲν
1516 2067 1591 2109 τῶν
1614 2067 1697 2110 νεῶν

359 2133 437 2188 τοὶς
460 2135 756 2200 διαφθαρείσας
779 2137 889 2194 εἷναι,
916 2137 1012 2201 ὑπὲρ
1047 2138 1086 2185 δὲ
1122 2138 1190 2184 δύο
1224 2139 1427 2202 μυριάδας
1463 2140 1694 2203 ἀνθρώπων.

359 2212 459 2259 ὥστε
484 2211 565 2276 γοὶρ
588 2214 905 2276 θηριωδεστάτης
923 2214 1054 2269 ἐούσης
1095 2219 1165 2268 τῆς
1197 2216 1416 2269 θαλάσσης
1449 2216 1603 2270 ταύτης
1626 2220 1696 2270 τῆς

360 2289 447 2352 περὶ
468 2288 534 2335 τόν
554 2291 716 2345 ”Αθων,
742 2292 782 2336 οἱ
799 2289 869 2352 μὲν
894 2289 974 2337 ὑπὸ
997 2295 1071 2337 τῶν
1094 2290 1234 2355 θηρίων
1275 2291 1537 2356 διεφθείροντο
1561 2293 1694 2356 ἁρπα-

359 2365 527 2428 ζόμενοι·
563 2368 603 2412 οἱ
621 2366 674 2421 δὲ,
699 2365 794 2430 πρὸς
817 2365 894 2420 τοὶς
917 2367 1067 2431 πέτρας
1089 2368 1365 2432 ἀρασσόμενοι·
1401 2370 1442 2414 οἱ
1473 2368 1513 2416 δὲ
1547 2369 1695 2416 αὐτέων

359 2441 444 2489 νέειν
468 2443 542 2488 οὐκ
565 2442 794 2498 ἐπιστέατο,
828 2442 903 2489 καὶ
935 2442 1052 2490 κατοὶ
1087 2448 1208 2490 τοῦτο
1249 2444 1526 2507 διεφθείροντο·
1565 2447 1606 2491 οἱ
1639 2444 1693 2499 δὲ,

357 2515 467 2580 ῥίγεϊ.
508 2517 529 2564 ὁ
548 2518 619 2581 μὲν
643 2518 688 2573 δὴ
712 2518 898 2572 ναυτικὰς
921 2519 1093 2583 στρατὸς
1115 2520 1217 2567 οὕτω
1242 2520 1419 2584 ἐ’πρησσε.

423 2609 536 2641 XLV.
609 2595 822 2659 Μαρδονίῳ
845 2595 898 2651 δὲ,
921 2596 997 2643 καὶ
1018 2600 1076 2659 τῷ
1098 2597 1223 2659 πεζῷ,
1247 2597 1640 2661 στρατοπεδευομένῳ
1657 2598 1692 2643 ἐν

361 2671 608 2735 Μακεδονίῃ,
635 2671 774 2726 νυκτὸς
798 2672 949 2737 Βρύγοι
976 2675 1146 2738 Θρηῖκες
1169 2675 1438 2738 ἐπεχείρησαν·
1472 2674 1553 2720 καί
1570 2686 1692 2733 σφεων

358 2747 537 2801 πολλοὺς
560 2748 758 2807 φονεύουσι
781 2750 823 2796 οἱ
841 2749 1008 2813 Βρύγοι,
1037 2749 1258 2814 Μαρδόνιον
1283 2750 1323 2797 δὲ
1346 2749 1467 2797 αὐτὸν
1489 2750 1692 2814 τρωματί-

1726 1912 1783 1954 Io

1727 2300 1780 2338 15
