1836 3156
245 136 274 145 ⁴2

244 149 285 158 --ι

285 212 399 250 torem)
429 211 579 252 quoniam
603 212 710 242 omnia
734 212 869 253 quaestui
883 213 937 243 ha-

284 255 385 288 bebat,
416 254 458 284 iii.
488 258 537 285 89.
567 255 658 285 Darii
686 255 804 286 reditus
825 261 857 286 et
871 255 941 286 auri

287 299 461 332 thesaurus,
499 297 541 327 iii.
578 302 628 329 95.
659 302 711 329 96.
740 305 844 329 statua
872 299 940 339 ejus

286 340 446 381 equestris,
484 339 527 370 iii.
565 344 615 370 88.
651 341 859 380 pecuniarum
889 352 943 381 spe

285 384 453 413 frustratus
476 383 619 422 sepulcro
638 384 810 414 Nitocridis
824 391 940 424 aperto,

287 426 309 456 i.
341 428 410 456 187.
438 427 524 457 unde
549 427 681 457 Graeciae
702 427 853 458 infensior
873 427 941 457 red-

288 468 383 502 ditus,
407 468 457 499 vii.
485 473 510 500 1.
537 469 604 509 ejus
630 470 787 509 expeditio
812 470 846 500 in
864 471 940 510 Scy-

288 512 365 545 thas,
388 510 428 540 iv.
447 515 472 542 l.
488 516 540 544 85.
555 516 606 543 86.
620 520 675 543 etc.
691 516 764 544 Alia
776 514 943 555 egjusfacta

285 566 355 594 prae
393 556 460 586 aliis
489 563 665 587 memoratu
696 559 790 596 digna
821 559 895 592 vide,
911 556 943 586 ii.

291 601 361 628 110.
375 596 418 627 iii.
434 601 487 628 88.
504 598 546 629 iv.
562 602 614 628 44-
630 603 679 629 88.
698 603 768 630 155.
783 610 809 628 v.
829 602 877 629 ll.
897 602 944 629 12.

285 640 336 670 vii.
368 644 438 672 194.
463 644 536 672 item
566 645 712 683 quaedam
727 643 793 682 ejus
808 644 889 673 dicta
905 642 947 672 iii.

290 687 360 714 160.
381 684 421 714 iv.
447 688 515 715 143.
537 696 564 714 v.
592 688 662 716 105.
676 685 744 725 ejus
758 695 831 715 cum
849 684 945 715 Idan-

288 727 396 766 thyrso
411 727 604 768 colloquium
618 738 673 767 per
684 727 842 768 quendam
857 728 944 768 equi-

289 776 364 805 tem,
392 770 433 799 iv.
464 774 535 800 126.
568 774 636 800 127.
665 771 733 809 ejus
762 772 861 801 oratio
891 781 946 810 pro

290 814 480 848 monarchia,
503 813 546 843 iii.
568 813 731 843 82.oratio
746 813 887 853 ejusdem
911 813 951 843 ad

288 855 440 895 primores
465 856 633 886 Persarum
647 856 687 886 de
705 857 812 887 Oroete
833 856 950 886 interfi-

289 898 408 933 ciendo,
439 899 483 928 iii.
502 902 572 929 127.
600 899 698 929 oratio
724 899 763 929 ad
791 900 884 930 Iones
905 899 944 929 de

290 948 388 980 ponte
410 943 451 972 ad
483 942 601 972 Istrum
612 942 826 977 custodiendo,
841 943 880 972 iv.
895 946 943 973 98.

293 984 412 1015 Darius
440 985 601 1026 quondam
626 986 788 1026 Cambysis
810 985 941 1020 satelles,

289 1027 333 1058 iii.
366 1031 435 1059 139.
458 1029 537 1058 bene
553 1028 592 1058 de
606 1038 639 1058 se
655 1036 781 1059 meritos
795 1039 942 1058 remune-

290 1077 349 1108 rat,
372 1071 413 1100 iii.
433 1075 502 1101 140.
516 1082 544 1102 V.
560 1075 608 1101 11.
623 1071 733 1102 luxato
747 1072 827 1111 pede
839 1082 857 1101 a
873 1072 942 1101 De-

289 1113 419 1144 mocede
441 1120 576 1149 sanatur,
601 1120 632 1144 et
654 1121 722 1144 acta
743 1125 817 1145 cum
841 1125 885 1149 eo,
903 1114 945 1143 iii.

291 1160 360 1188 129.
394 1160 465 1187 130.
494 1160 562 1187 151.
591 1164 645 1188 etc.
670 1157 867 1197 Babylonem
892 1159 947 1187 ob-

290 1199 377 1235 sidet,
409 1200 502 1239 capit,
527 1206 560 1229 et
587 1200 683 1230 diruit
707 1207 811 1239 portas
825 1210 946 1230 muros-

287 1252 357 1282 que,
388 1242 431 1273 iii.
461 1247 529 1274 150.
559 1247 629 1274 151.
661 1247 730 1274 152.
760 1250 816 1274 etc.
843 1242 940 1273 Indos

287 1286 419 1326 subegit,
444 1285 485 1315 iii.
503 1290 552 1315 44.
568 1287 635 1325 ejus
664 1286 790 1316 crudele
810 1286 939 1321 factum,

287 1327 326 1358 iv.
350 1332 400 1358 84.
422 1339 440 1358 a
466 1328 694 1359 Macedonibus
717 1329 815 1367 poscit
829 1335 942 1359 terram

289 1377 321 1401 et
343 1381 470 1420 aquam,
490 1382 518 1401 v.
541 1375 591 1402 17.
610 1378 641 1402 et
656 1382 674 1402 a
692 1372 817 1407 Graecis,
833 1372 873 1401 vi.
889 1376 940 1402 48.

285 1413 337 1444 vii.
360 1418 421 1444 133
443 1414 512 1454 ejus
534 1421 661 1445 moneta
682 1425 720 1445 ex
743 1425 820 1445 auro
834 1414 944 1463 puriss-

284 1457 323 1486 iv.
350 1461 420 1488 166.
441 1458 509 1497 ejus
531 1457 625 1498 legati
647 1469 666 1488 a
685 1459 803 1488 Graecis
837 1459 871 1488 in
885 1459 938 1488 ba-

283 1501 426 1530 rathrum
448 1507 479 1530 et
501 1508 635 1550 puteum
656 1501 872 1541 projiciuntur,
888 1501 940 1530 vii.

288 1547 357 1574 133.
370 1544 436 1584 ejus
452 1544 565 1578 obitus,
582 1544 635 1574 vii.
652 1549 682 1574 4.

243 1586 364 1616 Darius
388 1587 504 1617 Xerxis
526 1587 610 1617 filius
633 1587 823 1628 Artayntam
838 1587 932 1623 ducit,

282 1629 323 1659 ix.
342 1633 411 1660 108.

241 1672 400 1712 Dascylus
418 1673 518 1713 Gygis
528 1679 624 1713 pater,
637 1673 655 1703 i.
673 1677 704 1704 8.

242 1715 438 1755 Dascylium,
455 1717 537 1752 urbs,
554 1717 598 1747 iii.
614 1720 685 1747 120.
703 1720 773 1748 126.
786 1716 825 1746 vi.
840 1720 890 1747 33.

242 1758 334 1788 Datis
359 1759 478 1789 Medus
499 1766 609 1789 contra
632 1760 774 1789 Athenas
788 1759 901 1790 missus
915 1769 935 1789 a

285 1802 394 1836 Dario,
421 1802 461 1831 vi.
496 1807 545 1833 94.
571 1808 695 1832 revocat
720 1802 832 1833 Delios
846 1809 934 1832 metu

280 1843 439 1884 fugientes
467 1844 580 1884 ipsum,
605 1845 644 1874 vi.
664 1848 714 1876 97.
735 1845 887 1875 visionem
902 1845 935 1874 in

281 1887 399 1917 somnis
414 1888 505 1921 videt,
516 1888 556 1918 vi.
573 1892 641 1919 118.
655 1888 724 1928 ejus
737 1887 801 1924 filii,
818 1888 869 1918 vii.
884 1891 934 1918 88.

239 1929 345 1960 Datus
359 1941 428 1970 opp.
445 1930 486 1960 ix.
504 1934 554 1962 75.

240 1972 432 2003 Dauliorum
447 1973 601 2012 oppidum
615 1973 788 2009 incensum,
805 1973 867 2004 viii.
880 1977 934 2005 35.

239 2015 393 2047 Daurises
418 2017 508 2048 Darii
530 2027 634 2057 gener,
651 2028 679 2047 v.
703 2021 771 2047 116.
787 2017 935 2047 adversus

282 2060 407 2089 Cariam
432 2060 546 2097 tendit,
578 2064 648 2091 121.
677 2060 828 2096 interitus,
860 2060 934 2091 ibid.

238 2101 385 2138 Decelea,
401 2103 442 2132 ix.
461 2107 508 2134 15.
525 2106 575 2134 73.

238 2145 388 2182 Decelus,
401 2146 442 2176 ix.
459 2150 499 2178 75

238 2188 465 2219 Decelensium
479 2189 559 2220 circa
577 2189 713 2219 Helenae
725 2189 936 2230 investigatio-

280 2241 356 2262 nem
385 2238 462 2268 acta,
488 2232 530 2262 ix.
561 2235 613 2263 73.
641 2242 751 2262 eorum
773 2233 806 2262 in
825 2233 935 2272 Sparta

278 2275 480 2316 vectigalium
515 2275 700 2305 immunitas
730 2283 761 2306 et
790 2275 932 2317 dignitas

277 2318 475 2356 praesidendi,
486 2318 560 2349 ibid.

237 2359 421 2391 Decelensis
435 2361 581 2401 populuS,
599 2361 674 2391 ibid.

235 2403 370 2434 Decima
401 2404 603 2435 redemtionis
638 2403 832 2444 captivorum
855 2414 929 2435 con-

275 2447 401 2486 scripta,
417 2458 445 2477 v.
462 2450 511 2478 77.

235 2488 378 2520 Decimae
415 2490 621 2530 pecuniarum
654 2500 692 2520 ex
729 2489 849 2530 praedis,
881 2490 931 2520 vii.

276 2536 327 2563 27.

235 2574 408 2605 Decimum
431 2586 589 2616 quemque
599 2582 680 2606 sorte
695 2576 867 2606 comedunt
880 2577 929 2606 in-

274 2624 321 2648 ter
343 2629 376 2648 se
402 2618 564 2659 Cambysis
586 2619 700 2649 milites
721 2619 805 2649 fame
819 2619 929 2656 adacti,

272 2660 314 2690 iii.
331 2665 382 2692 25.

232 2702 367 2733 Deioces
399 2704 558 2736 Phraortis
587 2705 629 2735 fil.
651 2705 671 2735 i.
689 2709 737 2736 16.
752 2709 804 2737 37.
819 2709 869 2736 96.
884 2705 930 2743 vir

269 2746 393 2786 sapiens
414 2753 445 2777 et
459 2747 540 2787 juris
555 2748 684 2778 dicundi
698 2748 825 2788 peritus
841 2748 860 2778 i.
877 2753 927 2780 96.

267 2789 308 2819 ad
330 2790 530 2830 tyrannidem
552 2791 724 2821 Medorum
747 2802 811 2832 quo
840 2801 925 2821 com-

265 2838 375 2862 mento
396 2833 544 2871 pervenit,
561 2834 580 2863 i.
598 2838 646 2865 97.
663 2838 712 2866 98.
729 2844 783 2864 rex
801 2834 914 2864 Medo-

261 2885 334 2906 rum
356 2875 538 2912 declaratus,
563 2877 582 2906 i.
606 2881 655 2908 98.
676 2879 715 2907 ab
729 2887 766 2907 eo
780 2887 916 2917 regnum

261 2918 423 2950 obtinente
443 2926 520 2957 acta,
545 2926 576 2951 et
596 2921 756 2961 quomodo
769 2920 913 2951 severita-

862 125 1096 158 INDEX.

1025 218 1090 242 tem
1111 212 1144 241 in
1166 211 1337 242 exercenda
1353 212 1478 253 justitia
1497 214 1679 251 exercuerit,

1025 255 1046 285 i.
1068 259 1116 286 98.
1135 260 1184 286 99.
1204 259 1272 285 100.
1290 259 1357 285 101.
1375 255 1443 296 ejus
1459 266 1543 286 mors
1558 263 1589 286 et
1603 258 1692 288 anni

1026 298 1124 337 regni,
1142 298 1164 327 i.
1182 301 1252 328 102.

990 340 1180 380 Deiphonus
1211 340 1330 371 Euenii
1358 341 1442 371 filius
1467 341 1680 381 Apolloniam,

1029 383 1069 413 ix.
1088 387 1138 414 92.

990 426 1117 465 Delphi,
1147 426 1166 456 i.
1193 428 1244 457 51.
1273 426 1314 456 ad
1343 436 1395 456 eos
1415 427 1509 457 missa
1523 428 1686 460 donariaa

1034 469 1134 509 Gyge,
1159 468 1177 498 i.
1204 472 1252 499 14.
1274 479 1293 498 a
1317 469 1431 505 Croeso,
1454 470 1475 500 i.
1497 475 1547 501 50.
1567 474 1617 502 51.
1634 475 1685 503 52.

1030 512 1115 551 apud
1146 511 1290 551 Delphos
1318 512 1439 551 primus
1460 513 1530 553 quis
1552 524 1684 545 munera

1027 555 1175 595 posuerit,
1198 554 1218 594 i.
1247 558 1291 585 14.
1306 555 1341 584 in
1356 565 1525 586 numerum
1543 557 1686 596 Delpho-

1029 608 1102 628 rum
1129 597 1261 628 adscribi
1289 597 1406 628 volenti
1423 598 1478 638 jus
1497 606 1688 638 perpetuum

1031 641 1143 671 datum
1164 640 1293 671 cuilibet
1314 640 1353 671 de
1377 640 1485 680 Lydis,
1500 642 1520 671 i.
1536 646 1585 672 54.
1604 643 1683 673 Del-

1031 684 1086 723 phi
1114 683 1278 714 oraculum
1302 694 1360 723 pro
1375 694 1408 713 se
1423 690 1454 713 et
1472 684 1594 715 Graecia
1608 696 1683 715 con-

1032 727 1149 762 sulunt,
1172 727 1224 757 vii.
1247 730 1317 757 178.
1331 732 1470 756 extreme
1482 727 1688 759 formidantes

1034 770 1183 806 Xerxem,
1217 771 1330 800 urbem
1357 769 1514 803 deserunt,
1544 771 1607 800 viii.
1635 775 1687 803 37.

1035 814 1181 843 barbaros
1210 823 1228 842 a
1269 812 1328 842 deo
1368 822 1427 842 suo
1451 812 1534 842 male
1559 814 1686 845 affectos

1037 855 1173 891 caedunt,
1203 855 1268 886 viii.
1286 859 1338 886 38.
1365 854 1559 894 Delphicum
1571 867 1683 887 oracu-

1030 899 1108 935 lum,
1132 901 1262 941 infinitis
1284 900 1364 929 locis.
1388 897 1584 937 Delphicum
1605 906 1686 930 tem-

1029 942 1120 981 plum
1145 952 1203 972 sua
1224 947 1335 980 sponte
1358 941 1567 981 conflagravit.
1590 942 1611 973 i.
1634 947 1687 974 50.

1029 986 1060 1015 ii.
1086 989 1154 1015 180.
1169 984 1255 1014 aliud
1274 984 1522 1024 Amphictyones
1535 987 1682 1016 trecentis

1030 1028 1155 1059 talentis
1181 1027 1430 1058 construendum
1469 1027 1623 1064 locarunt,
1655 1029 1687 1059 ii.

1033 1075 1101 1101 180.
1130 1077 1161 1101 et
1189 1071 1320 1111 quinam
1345 1070 1531 1107 conduxere,
1549 1082 1577 1102 v.
1592 1076 1644 1102 62.

991 1114 1088 1145 Delta
1113 1114 1345 1154 AEgyptiorum‚
1373 1113 1403 1142 ii.
1434 1117 1478 1143 15.
1500 1117 1548 1145 15.
1574 1118 1623 1146 16.
1641 1118 1689 1146 17.

1035 1161 1083 1187 18.
1109 1161 1157 1188 19.
1182 1160 1251 1188 179.
1273 1156 1376 1186 solum
1394 1156 1491 1186 Delta
1508 1157 1688 1198 AEgyptum

1032 1211 1098 1230 esse
1109 1200 1198 1229 aiunt
1215 1200 1308 1229 Iones
1320 1209 1385 1228 non
1399 1205 1491 1234 recte,
1507 1199 1540 1229 ii.
1557 1204 1605 1232 15.

987 1243 1169 1273 Delubrum
1198 1242 1286 1274 Jovis
1318 1241 1412 1278 Carii,
1442 1242 1462 1271 i.
1493 1246 1560 1273 171.
1590 1243 1681 1276 Jovis

1031 1285 1181 1326 Olympii,
1196 1285 1226 1314 ii.
1245 1289 1273 1316 7.
1291 1284 1419 1315 Cereris.
1431 1284 1471 1314 iv.
1483 1289 1534 1316 53.
1551 1286 1680 1323 Bacchi,

1028 1329 1067 1359 iv.
1093 1332 1143 1358 87.
1172 1328 1363 1367 Amphiarai,
1387 1327 1449 1358 viii.
1478 1332 1548 1359 134.
1564 1329 1634 1359 Laii
1653 1335 1685 1359 et

1032 1371 1206 1410 OEdipodis,
1234 1372 1273 1401 iv.
1303 1375 1369 1402 149.
1397 1370 1430 1400 in
1459 1371 1534 1402 fano
1550 1372 1685 1402 Latonae

1029 1414 1348 1450 admirabilissimum,
1390 1423 1428 1443 ex
1468 1425 1535 1446 uno
1562 1416 1684 1445 factum

1025 1457 1136 1497 lapide,
1154 1458 1186 1487 ii.
1208 1461 1277 1488 155.
1292 1456 1423 1487 delubra
1436 1458 1531 1496 primi
1547 1464 1683 1489 statuere

1027 1501 1180 1541 AEgyptii,
1205 1500 1236 1530 ii.
1263 1505 1293 1530 4.
1317 1500 1447 1531 delubra
1475 1511 1494 1530 a
1519 1501 1622 1532 Persis
1636 1501 1685 1530 in-

1025 1554 1125 1579 censa,
1142 1543 1181 1573 iv.
1193 1548 1241 1575 96.
1257 1543 1319 1573 viii.
1340 1547 1408 1573 144.

982 1587 1085 1618 Delus
1105 1586 1215 1616 insula.
1242 1586 1281 1616 iv.
1303 1590 1352 1617 33.
1369 1590 1420 1616 54.
1441 1591 1492 1620 55.
1513 1587 1637 1627 expiata
1666 1597 1685 1617 a

1022 1630 1194 1665 Pisistrato,
1212 1629 1230 1659 i.
1248 1633 1297 1660 64.

980 1672 1081 1704 Delos
1094 1673 1201 1703 tremit
1215 1678 1307 1703 antea
1320 1673 1514 1710 inconcussa,
1527 1673 1568 1703 vi.
1598 1676 1649 1704 98.

980 1716 1151 1747 Deliorum
1172 1716 1249 1756 fuga
1271 1718 1311 1746 ob
1329 1716 1448 1752 Persas,
1465 1716 1504 1747 vi.
1521 1719 1572 1748 97.
1593 1726 1683 1746 revo-

1020 1759 1081 1789 cati
1092 1770 1110 1788 a
1128 1759 1231 1788 Persis
1245 1765 1276 1789 et
1288 1759 1365 1788 nihil
1379 1760 1468 1798 passi,
1481 1759 1555 1789 ibid.

980 1802 1113 1832 Delium
1130 1802 1365 1839 Thebanorum,
1380 1803 1421 1832 vi.
1432 1806 1503 1832 118.

981 1846 1173 1875 Demaratus
1191 1844 1347 1875 Aristonis
1361 1845 1453 1879 filius,
1469 1855 1524 1875 rex
1547 1845 1680 1884 Spartae‚

1021 1899 1050 1918 v.
1064 1891 1113 1919 75.
1128 1887 1167 1917 vi.
1180 1891 1230 1918 50.
1244 1891 1295 1918 63.
1309 1895 1364 1918 etc.
1379 1888 1418 1918 de
1432 1888 1501 1928 ejus
1525 1897 1640 1928 genere
1652 1892 1684 1917 et

1017 1931 1232 1971 procreatione
1255 1930 1359 1960 'varia
1406 1931 1681 1967 circumferuntur,

1018 1974 1059 2004 vi.
1086 1978 1139 2004 63.
1163 1980 1219 2004 etc.
1244 1977 1296 2005 69.
1320 1980 1454 2004 matrem
1490 1973 1677 2011 sciscitatur,

1020 2016 1076 2058 qui
1104 2027 1196 2047 verus
1216 2016 1314 2056 ipsius
1340 2027 1460 2056 parens,
1478 2016 1517 2047 vi.
1534 2020 1585 2047 68.
1611 2016 1680 2046 De.

1019 2060 1139 2095 marati,
1166 2062 1198 2090 id
1223 2066 1282 2096 est;
1310 2072 1329 2090 α
1351 2062 1465 2100 populo
1490 2061 1564 2091 votis
1579 2060 1679 2099 petiti,

1019 2103 1106 2133 unde
1120 2113 1237 2133 nomen
1252 2103 1445 2142 impositum,
1462 2102 1501 2132 vi.
1515 2105 1566 2133 63.
1585 2101 1679 2132 Cleo-

1022 2157 1149 2176 menem
1177 2145 1292 2176 deserit
1306 2147 1339 2175 in
1355 2145 1561 2186 expeditione,
1577 2156 1607 2174 v.
1622 2147 1679 2176 75.

1022 2190 1090 2230 ejus
1129 2199 1205 2219 cum
1246 2188 1416 2220 Cleomene
1453 2188 1626 2218 simultates
1648 2193 1681 2217 et

1020 2232 1138 2267 odium,
1160 2232 1212 2262 vii.
1234 2236 1285 2263 51.
1306 2236 1357 2264 63.
1382 2236 1434 2263 64.
1456 2238 1510 2262 etc.
1536 2232 1614 2271 fuga
1639 2230 1680 2261 ad

1020 2275 1140 2311 Persas,
1172 2275 1210 2305 vi.
1235 2278 1285 2306 70.
1299 2275 1351 2305 vii.
1378 2279 1409 2305 3.
1440 2274 1508 2315 ejus
1523 2274 1673 2314 elogium,

1017 2318 1056 2348 vi.
1083 2322 1133 2349 70.
1159 2319 1227 2359 ejus
1241 2317 1399 2359 colloquia
1413 2317 1453 2348 de
1468 2319 1561 2348 rebus
1580 2317 1671 2347 Grae—

1019 2372 1130 2392 corum
1145 2371 1219 2391 cum
1240 2361 1356 2397 Xerxe,
1367 2361 1419 2392 vii.
1433 2365 1504 2391 101.
1520 2364 1589 2390 102.
1605 2363 1677 2390 103.

1021 2408 1090 2435 104.
1114 2408 1186 2436 209.
1213 2408 1283 2435 234.
1312 2407 1384 2435 235.
1406 2408 1480 2435 236.
1501 2404 1569 2444 ejus
1583 2402 1673 2443 inge-

1018 2447 1107 2478 niosa
1128 2457 1183 2486 per
1204 2447 1376 2487 pugillares
1397 2447 1480 2477 clam
1501 2444 1675 2477 nunciandi

1018 2491 1106 2525 ratio,
1122 2490 1174 2519 vii.
1189 2494 1260 2521 259.

978 2534 1219 2567 Demarmenus,
1237 2544 1262 2561 v.
1279 2537 1330 2563 41.
1345 2533 1383 2562 vi
1399 2536 1450 2564 65.

978 2576 1182 2609 Democedes,
1215 2575 1422 2625 Calliphontis
1453 2574 1543 2610 filius,
1573 2573 1674 2604 medi-

1018 2630 1082 2654 cuS‚
1106 2625 1244 2660 quantus
1273 2619 1326 2653 vir,
1352 2619 1422 2659 ejus
1435 2619 1571 2651 fortuna,
1589 2622 1620 2646 et
1641 2616 1676 2645 in

1016 2669 1136 2703 quanto
1160 2663 1278 2692 honore
1301 2662 1427 2692 habitus
1451 2672 1471 2691 a
1499 2659 1607 2694 Dario,
1633 2658 1677 2689 iii.

1017 2709 1187 2735 124.129.
1214 2708 1282 2735 130.
1312 2708 1380 2735 151.
1409 2708 1478 2734 152.
1493 2713 1558 2744 quo
1572 2708 1641 2732 astu
1657 2711 1674 2731 e

1017 2794 1086 2821 134.
1103 2797 1158 2822 etc.

963 2834 1202 2866 Democratiam
1225 2832 1334 2863 laudat
1359 2833 1488 2867 Otanes,
1509 2830 1552 2861 iii.
1568 2834 1619 2860 80.
1632 2829 1677 2859 vi.

1005 2881 1056 2907 43.
1078 2877 1257 2916 improbant
1272 2877 1470 2916 Megabyzus
1487 2880 1518 2904 et
1545 2873 1671 2907 Darius,

1001 2920 1042 2953 iii.
1070 2923 1119 2951 81.
1139 2923 1190 2951 82.
1212 2919 1282 2960 ejus
1308 2917 1520 2955 incommoda,
1555 2916 1599 2947 iii.
1622 2918 1676 2945 81.
