1836 3156
507 205 868 257 URANIA
921 205 1062 253 VIII.
1364 211 1457 253 229

113 341 159 396 δὴ
197 344 336 388 τοῦτον
370 340 455 388 εἷπε
493 339 514 385 ὁ
555 338 861 403 Θεμιστοκλέης
899 335 1122 400 ἐπομόσας·
1160 343 1187 365 “
1214 338 1285 384 Οὐ
1323 337 1375 384 σὺ
1411 356 1459 398 γε

115 422 143 445 “
168 417 296 480 ἡμέας
331 416 591 476 ἀπολείψεις,
626 415 718 462 ἐπεί
745 434 806 462 τοι
839 413 919 474 ἐγὼ
940 414 1048 476 μέζω
1073 414 1175 478 δῶρα
1200 414 1308 461 δώσω
1331 414 1353 468 ἢ
1376 417 1460 478 βα-

118 499 147 521 “
170 491 302 545 σιλεῦς
335 492 383 538 οἵν
417 511 479 539 τοι
505 492 525 537 ὁ
561 492 711 546 Μηδων
746 491 928 553 πέμψειε
958 489 1202 536 ἀπολιπόντι
1227 490 1322 543 τούς
1355 508 1461 553 συμ-

31 576 91 615 10
114 574 146 597 “
166 569 377 632 μάχους.”
418 570 559 616 ταῦτά
593 587 636 615 τε
670 567 768 631 ἅμα
802 566 979 630 ἠγόρευε,
1014 566 1090 613 καὶ
1123 567 1278 629 πέμπει
1304 566 1371 614 ἐπὶ
1393 566 1461 621 τὴν

114 646 181 694 νέα
204 645 272 699 τῆν
294 644 574 710 Ἀδειμάντου
601 646 794 692 τάλαντα
818 643 1007 707 ἀργυρίου
1031 644 1138 707 τρία.
1179 641 1320 691 Οὗτοί
1336 664 1380 691 τε
1417 644 1463 700 δὴ

113 722 334 782 πληγέντες
357 723 522 787 δώροισι,
557 721 889 784 ἀναπεπεισμένοι
914 721 1020 776 ἕσαν,
1046 719 1122 767 καὶ
1144 725 1244 767 τοῖσι
1271 720 1462 770 Εὐίῖοέεσι

114 800 367 862 ἐκεχάριστο·
394 799 519 852 αὐτός
542 819 584 847 τε
611 799 632 845 ὁ
664 797 972 862 Θεμιστοκλέης
995 797 1178 861 ἐκέρδηνε,
1203 798 1399 845 ἐλάνθανε
1424 798 1464 846 δέ

113 873 171 921 τοὶ
203 875 336 922 λοιποὶ
371 876 483 936 ἔχων·
518 874 613 922 ἀλλ’
649 876 872 929 ἠπιστέατο
902 876 943 920 οἱ
968 872 1276 936 μεταλαὲόντες
1298 876 1464 923 τουτέων

33 960 90 999 15
114 957 188 999 τῶν
219 954 455 1016 χρημάτων,
480 954 525 999 ἐκ
548 957 622 999 τῶν
644 951 881 1005 Ἀθηναίων
913 952 1042 998 ἐλθεῖν
1070 950 1138 998 ἐπὶ
1159 954 1217 1014 τῷ
1239 951 1351 1015 λόγῳ
1373 951 1465 999 τοὺ-

115 1048 174 1092 τῳ
196 1028 253 1076 τοὶ
277 1030 494 1093 χρήματα.

158 1121 224 1151 V1.
265 1105 394 1153 Οὕτω
430 1105 476 1160 δὴ
505 1105 748 1169 κατέμεινάν
788 1123 831 1152 τε
868 1107 902 1152 ἐν
937 1109 989 1170 ⁷:7¹
1021 1104 1188 1169 Εὐζοίη,
1235 1105 1312 1153 καὶ
1355 1107 1466 1154 ἐναυ-

115 1182 330 1244 μάχησαν.
351 1182 503 1243 ἐγένετο
528 1181 567 1229 δὲ
598 1180 682 1229 ὦδε.
722 1182 854 1230 Ἐπεί
875 1201 918 1230 τε
935 1182 980 1237 δὴ
1005 1184 1041 1236 ἐς
1063 1181 1142 1236 τοὶς
1163 1183 1358 1242 Ἀφέτας
1381 1183 1468 1249 περὶ

116 1258 245 1314 δείλην
276 1260 417 1323 πρωίην
455 1259 655 1324 γινομένην
696 1260 884 1307 ἀπίκατο
915 1262 956 1307 οἱ
986 1258 1201 1324 βάρὲαροι,
1243 1261 1467 1324 πυθόμενοι

117 1335 189 1398 μὲν
213 1336 271 1382 ἐ’τι
306 1335 382 1383 καὶ
416 1337 597 1401 πρότερον
637 1336 724 1400 περὶ
746 1335 795 1383 τὸ
816 1335 1079 1401 Ἀρτεμίσιον
1114 1337 1341 1398 ναυλοχέειν
1381 1338 1469 1392 νέας

28 1420 58 1459 5
114 1412 361 1467 Ἑλληνίδας
397 1414 559 1474 ὀλίγας,
596 1413 689 1461 τότε
724 1413 763 1460 δὲ
799 1413 918 1460 αὐτοὶ
952 1414 1108 1469 ἰδόντες,
1142 1414 1351 1478 πρόθυμοι
1375 1415 1467 1462 ἕσαν

119 1489 356 1553 ἐπιχειρέειν,
383 1495 419 1536 εἰ’
437 1510 516 1544 κως
539 1490 658 1537 ἕλοιεν
682 1491 829 1544 αὐτάς.
857 1492 901 1538 ἐκ
924 1490 996 1554 μὲν
1028 1490 1074 1544 δὴ
1096 1494 1168 1544 τῆς
1190 1491 1326 1546 ἀντίης
1348 1511 1467 1557 προσ-

117 1567 262 1613 πλώειν
294 1566 340 1613 οὔ
370 1587 428 1613 κω
458 1579 528 1626 σφι
558 1567 697 1623 ἐδόκεε,
739 1568 856 1614 τῶνδε
892 1567 1034 1623 εἵνεκα,
1068 1569 1128 1630 μη
1164 1587 1242 1621 κως
1265 1568 1409 1622 ἰδόντες
1433 1570 1474 1616 οἱ

109 1643 308 1697 ’Έλληνες
343 1645 670 1707 προσπλώοντας,
706 1645 743 1697 ἐς
766 1643 896 1705 φυγὴν
932 1643 1152 1708 ὁρμησειαν,
1177 1645 1401 1706 φεύγοντάς
1423 1666 1468 1694 τε

116 1719 276 1784 εὐφρόνη
297 1718 553 1767 καταλάὲοι·
576 1720 650 1767 καὶ
686 1721 853 1783 ἐ’μελλον
879 1721 998 1774 δῆθεν
1022 1722 1305 1781 ἐκφεύξεσθαι·
1331 1723 1403 1770 ἐ’δει
1429 1723 1468 1771 δέ

36 1804 96 1843 10
117 1796 218 1859 μηδὲ
243 1796 449 1861 πυρφόρον,
474 1801 532 1860 τῷ
557 1797 702 1845 ἐκείνων
728 1797 854 1861 λόγω,
880 1797 1115 1858 ἐκφυγόντα
1137 1800 1434 1863 περιγενέσθαι.

184 1890 270 1922 VII.
307 1874 416 1939 Πρδς
450 1880 593 1922 ταῦτα
628 1874 676 1921 ὧν
707 1875 806 1922 τάδε
840 1875 1121 1938 ἐμηχανέοντο.
1157 1881 1232 1922 τῶν
1247 1881 1330 1923 νεῶν
1354 1877 1468 1925 ἀπα-

120 1950 211 1997 σέων
246 1951 531 2014 ἀποκρίναντες
555 1952 772 2007 διηκοσίας,
804 1952 1072 2016 περιέπεμπον
1094 1952 1236 2008 ἔξωθεν
1262 1951 1469 2011 Σκιάθου,

122 2029 173 2081 ὡς
201 2029 251 2074 οἶν
285 2028 344 2092 μὴ
379 2028 554 2087 ὀφθέωσι
590 2027 671 2076 ὑπδ
704 2034 778 2076 τῶν
810 2030 1011 2092 πολεμίων
1046 2030 1345 2094 περιπλώουσαι
1387 2031 1470 2079 Εὔ-

125 2103 237 2152 ἓοιαν
270 2107 388 2153 κατά
419 2125 462 2153 τε
501 2106 698 2169 Καφηρέα
725 2105 801 2153 καὶ
823 2105 911 2170 περὶ
941 2105 1168 2170 Γεραιστὸν,
1191 2108 1229 2161 ἐς
1250 2107 1317 2155 τδν
1353 2107 1470 2173 Εὔρι-

32 2188 63 2228 5
121 2200 213 2239 πον,
262 2182 326 2228 ἵνα
363 2182 408 2236 δὴ
449 2180 709 2246 περιλάὲοιεν,
745 2184 786 2229 οἱ
815 2181 902 2246 μὲν,
939 2183 1072 2246 ταύτῃ
1103 2183 1358 2247 ἀπικόμενοι,
1395 2184 1471 2231 καὶ

123 2260 344 2322 φράξαντες
380 2260 530 2307 αὐτέων
564 2259 632 2315 τὴν
655 2259 781 2306 ὀπίσω
809 2261 1001 2324 φέρουσαν
1027 2260 1125 2317 ὁδδν,
1163 2267 1271 2320 σφεῖς
1295 2261 1351 2319 δὲ,
1384 2263 1468 2309 ἐπι-

124 2337 314 2400 σπόμενοι
339 2339 378 2393 ἐξ
403 2338 588 2391 ἐναντίης.
608 2342 749 2384 ταῦτα
778 2339 1095 2401 βουλευσάμενοι
1119 2339 1366 2401 ἀπέπεμπον
1393 2344 1468 2386 τῶν

125 2418 209 2460 νεῶν
244 2413 321 2467 τοὶς
353 2415 605 2476 ταχθείσας,
643 2413 763 2461 αὐτοὶ
796 2416 870 2461 οὐκ
893 2416 928 2461 ἐν
952 2415 1021 2477 νόῳ
1045 2415 1200 2475 ἔχοντες
1222 2415 1376 2469 ταύτης
1399 2419 1470 2469 τῆς

124 2490 266 2553 ἡμέρης
288 2495 387 2536 τοῖσι
405 2491 586 2545 ’Έλλησι
620 2491 910 2546 ἐπιθησεσθαι,
944 2490 1030 2538 οὐδὲ
1062 2490 1242 2555 πρότερον
1265 2492 1286 2544 ἢ
1311 2490 1358 2537 τδ
1382 2510 1470 2537 συν-

41 2571 102 2610 10
123 2566 247 2628 θημά
270 2578 340 2625 σφι
365 2566 508 2629 ἔμελλε
544 2568 798 2626 φανησεσθαι
832 2566 947 2631 παροὶ
982 2573 1056 2614 τῶν
1091 2567 1386 2632 περιπλωόντων
1419 2570 1470 2622 ὦς

123 2642 302 2696 ἡκόντων.
338 2642 501 2697 ταύτας
534 2643 606 2706 μὲν
641 2643 686 2698 δη
710 2644 993 2708 περιέπεμπον·
1027 2649 1102 2691 τῶν
1134 2645 1173 2691 δὲ
1196 2645 1362 2692 λοιπέων
1385 2650 1469 2692 νεῶν

127 2720 162 2765 ἐν
185 2723 276 2784 τῇσι
301 2719 504 2784 Ἀφέτῃσι
530 2722 728 2769 ἐποιεῦντο
752 2722 942 2785 ἀριθμόν.

187 2813 296 2845 VIII.
367 2798 442 2845 Ἐν
483 2798 522 2846 δὲ
556 2798 688 2863 τούτῳ
733 2801 791 2862 τῷ
824 2799 962 2864 χρόνῳ,
1003 2800 1037 2847 ἐν
1077 2796 1111 2863 ᾧ
1144 2797 1254 2847 οὗτοι
1293 2799 1469 2864 ἀριθμδν

1496 1889 1602 1921 Naves
1624 1900 1662 1922 cc
1677 1900 1695 1921 a

1496 1933 1602 1964 Persis
1618 1944 1696 1973 prae-

1494 1979 1605 2012 missae,
1623 1987 1694 2018 quae

1496 2019 1652 2050 Euboeam

1493 2063 1684 2093 circumvec-

1493 2111 1534 2135 tae
1549 2106 1671 2145 potitae-

1493 2159 1554 2188 que
1572 2148 1694 2188 Euripo

1491 2192 1603 2232 fugam

1497 2234 1616 2265 Graecis
1642 2233 1691 2264 in-

1492 2277 1647 2308 ter-clude-

1492 2326 1571 2351 rent.

1497 2821 1547 2853 Re
1560 2829 1618 2861 per
