1836 3156
254 143 293 169 <28
854 138 1083 169 INDEX.

248 222 333 253 Fons
351 223 489 257 uestes,
505 223 546 253 iv.
561 225 633 254 159.
647 223 718 253 fons
736 222 901 262 Apollinis,
917 223 938 254 i.

292 269 363 296 118.
377 266 448 296 fons
469 265 557 300 Solis,
580 265 618 294 iv.
647 270 716 295 181.
729 266 800 296 fons
818 267 939 307 Garga-

287 309 368 347 phie,
385 309 427 338 ix.
449 312 497 339 25.
519 309 622 338 fontes
640 309 802 343 Maeandri,
825 309 876 338 vii.
891 313 942 340 26.

290 351 369 384 fons.
386 352 419 380 in
434 361 497 392 quo
512 351 567 391 qui
587 350 644 380 loti
659 358 741 386 sunt,
758 352 938 382 efficiuntur

290 394 419 433 perinde
444 400 538 434 atque
565 393 634 423 oleo
666 394 796 430 inuncti,
823 394 938 424 violam

292 436 418 470 olentes.
443 436 485 466 iii.
505 440 554 467 25.
576 436 647 466 fons
662 437 790 477 quidam
811 437 937 467 amaris-

289 479 396 514 simus,
412 479 453 510 iv,
467 483 517 510 52.
534 483 584 509 81.
599 479 702 509 fontes
717 489 830 509 novem
844 490 939 520 aqua-

290 531 370 553 rum.
389 524 453 553 vide
470 522 595 552 Novem
609 522 721 552 fontes.

248 564 401 594 Formica?
426 565 544 595 Indicae
566 565 620 594 ubi
635 571 802 595 nascantur
824 575 939 595 canum

290 607 518 647 magnitudine,
557 617 728 648 earumque
764 608 937 647 descriptio,

291 649 334 679 iii.
353 654 419 680 102.
444 658 498 681 etc.
520 653 573 682 uhi
587 657 624 680 ut
645 650 706 680 illis
730 651 804 682 Indi
826 662 940 681 aurum

290 693 495 723 suffurentur.

252 735 425 766 Fortunam
451 738 568 766 bonam
589 737 623 767 in
646 738 709 767 vita
731 744 763 767 et
783 737 818 766 in
839 743 940 768 morte

292 779 424 818 experiri
446 779 572 810 difficile
595 787 647 815 est,
673 780 715 810 iii.
737 784 788 810 45.
812 780 939 810 fortuna

290 822 457 852 consilium
480 823 647 863 aliquando
666 830 799 863 superat,
821 823 871 852 vii.
892 827 938 853 10.

293 865 324 904 §.
355 869 384 895 4.
420 865 571 895 fortunati
601 866 697 896 iidem
725 876 846 906 semper
875 876 940 896 non

290 914 374 943 sunt,
390 908 410 938 i.
425 911 497 939 207.

247 950 367 980 Forum
392 950 519 981 nullum
541 958 587 982 est
612 951 724 988 Persis,
746 952 766 982 i.
789 952 939 983 155.f0ra

296 993 488 1027 Graecorum,
505 994 578 1024 ibid.

252 1035 392 1066 Fratrem
412 1048 476 1076 prae
490 1037 601 1068 marito
624 1045 655 1068 et
669 1038 773 1068 liberis
787 1048 867 1068 uxor
884 1038 938 1067 In-

290 1080 448 1118 taphernis
470 1080 592 1110 salvum
615 1082 709 1120 cupit,
734 1087 764 1111 et
786 1081 835 1111 sui
857 1081 937 1111 desi-

290 1121 368 1151 derii
382 1123 535 1153 rationem
548 1123 656 1155 reddit.
680 1124 720 1153 iii.
739 1128 811 1156 119.

250 1164 388 1205 Frigoris
409 1166 454 1195 vis
472 1166 558 1206 apud
587 1167 793 1197 Cimmerium
817 1168 938 1207 Bospo-

290 1218 369 1243 rum,
383 1209 422 1239 iv.
439 1213 489 1239 28.

249 1251 384 1281 Fructus
407 1252 605 1292 quarundam
619 1255 773 1285 arborum.
797 1253 852 1293 qui
870 1253 935 1293 jac-

290 1300 342 1323 tus
363 1294 397 1323 in
419 1297 524 1335 ignem
541 1295 635 1326 odore
657 1307 714 1327 suo
736 1296 938 1326 circumstan-

291 1343 337 1366 tes
352 1337 490 1372 inebriat,
509 1339 528 1367 i.
545 1343 617 1369 202.

249 1379 392 1419 Fulgura
406 1387 436 1410 et
458 1381 597 1411 tonitrua
610 1381 680 1416 sive,
707 1383 880 1424 πρηστῆρες,
903 1382 936 1411 in

293 1423 410 1453 Xerxis
432 1424 603 1455 exercitum
619 1424 782 1465 ingruunt,
807 1431 837 1454 et
852 1435 937 1454 com-

288 1465 394 1504 plures
409 1466 565 1497 occidunt.
582 1467 634 1497 vii.
649 1472 699 1497 42.

246 1507 383 1538 Fulmen
400 1509 433 1538 in
445 1510 526 1539 aedes
544 1510 643 1550 Scylae
658 1521 746 1551 reges
761 1510 933 1549 delapsum,

288 1551 326 1581 ἰν.
352 1555 400 1583 79.
422 1552 557 1582 fulmina
581 1553 714 1594 grandes
735 1555 859 1583 arbores
881 1560 937 1583 aut

289 1594 417 1624 aedificia
444 1596 632 1634 percutiunt,
656 1596 706 1626 vii.
733 1600 780 1626 10.
801 1596 937 1626 fulmina

288 1637 321 1666 in
343 1639 488 1669 barbaros
505 1639 639 1678 Delphis
660 1650 677 1669 e
692 1639 770 1670 coelo
793 1639 934 1675 demissa,

287 1691 349 1710 vni.
364 1685 416 1711 οἵ.

243 1724 364 1753 Furens
379 1725 482 1757 homo,
498 1725 541 1755 iii.
555 1729 608 1755 58.

248 1766 346 1796 Fures
377 1768 518 1805 pecuniae
552 1768 761 1807 Sardanapali,
799 1767 830 1797 ii.
865 1771 935 1800 150.

286 1809 371 1839 fures
386 1810 543 1850 regiarum
562 1811 772 1850 Rhainpsiniti
786 1811 934 1850 pecunia-

287 1862 358 1882 rum
375 1859 406 1882 et
421 1863 530 1882 eorum
542 1853 671 1888 solertia,
688 1853 718 1882 ii.
738 1857 806 1884 121.

248 1895 413 1925 Fustuaria
428 1906 537 1936 pugna
552 1898 637 1935 apud
654 1896 822 1937 AEgyptios
836 1896 869 1926 in
889 1906 937 1926 sa-

286 1938 352 1974 cris,
370 1938 399 1968 ii.
415 1942 466 1969 75.

576 2025 606 2055 G

246 2111 358 2145 Gades,
375 2111 414 2141 iv.
430 2115 458 2141 8.

245 2155 362 2184 Gaeson
376 2154 473 2189 locus
498 2153 539 2183 ix.
556 2157 606 2185 97.

243 2197 374 2227 Galaica
388 2197 485 2237 regio,
500 2202 591 2226 aetate
605 2195 762 2227 Herodoti
781 2195 930 2231 Bfianda,

282 2241 333 2270 vii.
350 2243 420 2270 108.

243 2283 342 2314 Galea
358 2282 528 2317 Corinthia,
545 2282 584 2312 iv.
602 2285 672 2313 180.

241 2326 406 2366 Galepsus,
426 2326 537 2355 Graeca
551 2326 633 2359 urbs,
652 2325 702 2355 vii.
721 2328 789 2355 122.

241 2369 371 2399 Gamori
388 2368 581 2408 Syracusani,
598 2368 649 2397 vii.
667 2371 736 2399 155.

240 2412 391 2442 Gandarii
413 2421 484 2450 pop.
505 2410 546 2440 iii.
572 2415 620 2442 91.
641 2421 750 2440 eorum
772 2416 929 2440 armatura

279 2462 310 2485 et
325 2455 390 2485 dux
403 2453 436 2483 in
456 2454 572 2483 Xerxis
586 2454 733 2488 exercitu,
750 2453 800 2483 vii.
816 2458 866 2484 66.

239 2499 446 2529 Garamantes
469 2507 541 2535 pop.
564 2504 595 2527 et
619 2507 730 2526 eorum
754 2506 864 2532 mores,
888 2497 927 2526 iv.

279 2545 350 2572 174.
369 2547 397 2571 et
416 2543 485 2570 185.

238 2583 417 2625 Gargaphie
431 2582 509 2616 fons,
527 2582 567 2612 ix.
586 2586 635 2612 25.
651 2585 702 2612 48.

237 2628 386 2658 Gauanes
399 2626 541 2655 Temeno
555 2625 717 2661 oriundus,
740 2625 803 2655 viii.
821 2628 891 2656 157.

232 2670 398 2707 Γεὲελέῖζις,
416 2668 548 2702 daemon.
566 2668 604 2697 iv.
623 2671 672 2699 94.

1022 223 1075 259 tia,
1099 228 1130 253 et
1145 233 1225 262 opes.
1249 223 1299 253 vii.
1325 226 1392 255 145.
1420 227 1576 257 155.157.
1602 229 1672 257 158.

1025 265 1184 306 quomodo
1203 266 1332 296 creverit
1346 273 1378 296 et
1391 266 1431 296 ad
1444 277 1579 308 regnum
1599 279 1670 307 per-

1025 309 1152 344 venerit,
1176 309 1226 338 vii.
1245 313 1314 340 153.
1338 313 1407 340 154.
1432 314 1502 342 155.
1521 318 1575 342 etc.
1591 311 1673 341 circa

1024 362 1099 381 eum
1121 358 1152 381 et
1169 351 1289 392 legatos
1314 352 1498 382 Graecorum
1520 360 1596 388 acta,
1619 354 1669 384 vii.

1024 398 1096 425 155.
1116 397 1186 425 154.
1202 401 1256 425 etc.
1273 394 1339 434 ejus
1351 405 1400 425 res
1413 402 1517 436 gestae,
1534 396 1585 426 vii.
1605 399 1674 428 155.

1024 440 1101 468 156.
1119 440 1187 467 158.

986 479 1129 510 Gelonus
1145 479 1294 509 Herculis
1311 479 1406 517 filius,
1418 481 1459 511 iv.
1476 484 1523 511 lo.

987 521 1130 552 Gelonus
1147 523 1349 552 Budinorum
1360 524 1444 559 urbs,
1459 523 1587 556 iv.,108.

987 564 1102 595 Geloni
1130 565 1291 605 quondam
1323 566 1434 603 Graeci‚
1464 566 1537 597 ibid.
1562 577 1672 598 eorum

1025 618 1139 645 mores,
1162 607 1201 637 iv,
1220 612 1290 638 109.

986 650 1071 681 Gelu
1085 651 1259 680 maximum
1274 651 1337 686 ubi,
1354 651 1393 681 iv.
1408 655 1458 681 28.

986 694 1141 723 Genitura
1166 693 1321 723 Indorum
1335 693 1447 735 qualis,
1469 693 1512 724 iii.
1528 698 1601 725 101.
1618 706 1673 735 per

1029 736 1254 766 Generationes
1269 737 1470 776 computatio,
1493 737 1524 767 ii.
1542 741 1611 768 142.

986 779 1168 810 Geometria
1182 779 1268 809 unde
1285 779 1325 809 ad
1350 780 1478 810 Graecos
1493 781 1619 816 venerit,
1642 781 1674 812 ii.

987 865 1153 905 Gephryaei
1168 864 1253 895 unde
1268 864 1401 900 oriundi,
1418 876 1446 895 V.
1462 869 1512 897 57.
1531 866 1673 897 Athenas

1025 907 1240 948 commigrant,
1266 914 1297 937 et
1326 918 1391 943 cur,
1419 919 1448 938 v.
1472 912 1522 940 57.
1547 913 1598 939 62.
1620 909 1674 940 ubi

1024 950 1142 990 templa
1165 960 1305 981 seorsum
1319 952 1358 980 ab
1380 950 1424 980 eis
1445 957 1594 987 extructa,
1619 959 1674 984 etc.

1024 1004 1052 1023 v.
1066 997 1117 1024 62.

985 1037 1154 1072 Geraestus,
1170 1036 1210 1066 ix.
1232 1040 1300 1068 105.

985 1080 1098 1120 Gergis
1123 1079 1208 1109 Arizi
1223 1079 1306 1110 filius
1320 1079 1489 1119 imperator
1505 1080 1538 1110 in
1555 1081 1671 1112 Xerxis

1024 1122 1171 1157 exercitu,
1188 1123 1239 1152 vii.
1252 1127 1304 1153 82.

985 1165 1152 1205 Gergithae‚
1168 1165 1220 1196 vii.
1243 1169 1293 1195 45.
1311 1176 1328 1195 e
1345 1165 1452 1204 priscis
1480 1166 1620 1203 Teucris,
1643 1178 1675 1198 v.

1038 1212 1109 1238 122.

985 1250 1154 1285 Germanii,
1175 1250 1341 1280 Persarum
1357 1261 1465 1291 genus,
1478 1251 1498 1281 i.
1518 1255 1587 1283 125.

986 1294 1084 1324 Gerra
1099 1294 1272 1328 Persarum,
1289 1294 1330 1323 ix,
1343 1298 1393 1324 60.
1403 1298 1453 1325 61.
1466 1298 1517 1326 98.
1531 1295 1672 1326 Gerrhus

1023 1336 1119 1372 locus,
1131 1336 1172 1365 iv.
1186 1340 1235 1368 53.

984 1380 1124 1410 Gerrhus
1137 1379 1260 1415 fluvius,
1275 1379 1315 1409 iv.
1329 1383 1379 1410 19.
1394 1383 1444 1410 47.
1454 1380 1522 1421 ejus
1536 1380 1671 1421 descrip-

1023 1423 1074 1457 tio,
1092 1422 1130 1452 iv.
1145 1426 1196 1453 56.

985 1466 1140 1505 Geryonis
1154 1475 1264 1502 vaccae,
1281 1465 1322 1495 iv.
1339 1469 1366 1495 8.

985 1509 1074 1539 Getae
1097 1507 1288 1538 immortales
1310 1518 1328 1537 a
1357 1508 1458 1538 Dario
1479 1510 1605 1545 subacti,
1629 1510 1671 1541 iv.

1024 1555 1074 1583 95.
1085 1551 1140 1592 qui
1154 1551 1228 1581 dein
1237 1551 1408 1581 exercitum
1426 1552 1515 1581 Darii
1531 1563 1668 1593 sequun-

1023 1601 1083 1629 tur,
1100 1595 1137 1623 iv.
1163 1599 1212 1625 96.
1230 1604 1339 1624 eorum
1354 1594 1478 1625 daemon
1502 1595 1667 1634 Zamolxis,

1022 1637 1061 1667 iv.
1078 1641 1128 1668 94.

984 1680 1130 1720 Gigonus
1144 1681 1230 1718 urbs,
1247 1680 1297 1710 vii.
1315 1683 1383 1710 125.

983 1723 1191 1763 Giligammae‚
1215 1722 1352 1762 populus
1378 1724 1458 1754 Afer
1478 1730 1510 1754 et
1524 1725 1591 1765 ejus
1613 1724 1667 1756 de-

1020 1766 1154 1804 scriptio,
1178 1766 1217 1796 iv.
1235 1770 1303 1797 169.

982 1808 1088 1839 Gillus
1105 1809 1296 1838 Tarentinus
1312 1809 1393 1844 exul,
1416 1809 1540 1839 redimit
1558 1810 1668 1841 Persas

1019 1858 1051 1882 et
1065 1851 1105 1881 ad
1131 1852 1266 1890 Darium
1281 1858 1426 1890 reportat,
1451 1853 1494 1882 iii.
1514 1857 1582 1883 158.
1600 1854 1668 1883 Da-

1018 1895 1086 1924 rius
1101 1905 1174 1924 eum
1183 1894 1298 1924 frustra
1306 1904 1362 1933 per
1379 1895 1508 1926 Cnidios
1519 1895 1668 1927 reducere

1021 1938 1195 1967 Tarentum
1211 1944 1350 1973 conatur,
1365 1938 1438 1968 ibid.

981 1980 1143 2011 Gindanes
1157 1979 1302 2019 populus,
1327 1980 1366 2009 iv.
1383 1984 1452 2012 176.
1468 1992 1598 2012 uxorem
1613 1993 1666 2013 eo-

1018 2033 1092 2053 rum
1105 2023 1235 2053 fimbriae
1257 2022 1395 2062 pelh’ceae
1418 2024 1451 2054 in
1466 2025 1666 2062 vestimentis,

1019 2066 1094 2096 ibid.

981 2109 1127 2140 Glaucon
1145 2109 1259 2149 Leagri
1276 2116 1370 2148 pater,
1388 2110 1429 2140 ix.
1445 2112 1493 2141 75.

977 2152 1120 2182 Glaucus
1129 2152 1235 2187 Chius,
1245 2152 1265 2182 i.
1276 2156 1324 2183 25.
1334 2152 1419 2183 solus
1428 2153 1571 2183 omnium
1579 2164 1665 2185 com-

1018 2195 1171 2234 pactionis
1183 2195 1256 2225 ferri
1271 2196 1471 2235 excogitator,
1487 2196 1562 2227 ibid.

975 2237 1118 2268 Glaucus
1135 2238 1234 2268 Chius
1249 2239 1419 2278 caprarius,
1435 2239 1466 2269 ii.
1484 2243 1534 2269 21.
1549 2244 1599 2270 22.
1617 2244 1668 2271 25.

975 2280 1118 2311 Glaucus
1141 2280 1291 2320 Epicydis
1306 2281 1348 2312 fil.
1374 2281 1412 2311 vi.
1429 2286 1480 2312 86.
1503 2283 1530 2323 §-
1556 2286 1581 2313 1.
1597 2284 1665 2324 ejus

1015 2324 1093 2357 laus,
1116 2323 1189 2353 ibid.
1205 2324 1383 2364 depositum
1397 2325 1526 2364 suscipit
1539 2327 1578 2356 ab
1593 2327 1665 2357 hos-

1014 2367 1078 2406 pite
1108 2366 1243 2403 Milesio‚
1271 2367 1345 2397 ibid.
1369 2367 1402 2397 id
1431 2375 1538 2407 postea
1561 2379 1665 2399 susce-

1014 2409 1094 2449 pisse
1109 2417 1211 2450 negat,
1225 2410 1264 2440 vi.
1277 2413 1327 2441 86.
1341 2411 1372 2450 §.
1389 2414 1417 2440 2.
1431 2411 1577 2451 Pythiam
1589 2422 1665 2442 con—

1012 2452 1088 2483 sulit
1101 2463 1143 2482 an
1159 2452 1364 2492 jurejurando
1379 2454 1546 2492 pecuniam
1567 2455 1663 2485 inter-

1013 2502 1120 2531 vertat,
1144 2496 1183 2525 vi.
1198 2499 1247 2526 86.
1270 2497 1297 2536 ἓ.
1312 2500 1341 2526 5.
1357 2497 1424 2536 ejus
1439 2507 1540 2537 genus
1553 2498 1661 2528 fundi-

1009 2544 1062 2568 tus
1075 2538 1187 2573 interit,
1204 2539 1244 2568 vi.
1259 2542 1311 2569 86.
1325 2538 1352 2579 §-
1369 2543 1398 2569 4.

971 2581 1113 2611 Glaucus
1130 2581 1323 2620 Hippolochi
1339 2582 1380 2611 fil.
1396 2582 1417 2612 i.
1434 2586 1505 2614 147.

973 2623 1149 2654 Glisantem
1178 2631 1209 2654 et
1249 2625 1428 2666 Tanagram
1458 2625 1661 2657 Thermodon

1010 2667 1170 2701 interfluit,
1186 2668 1227 2696 ix.
1245 2672 1296 2698 43.

235 2713 316 2743 Gela
342 2722 360 2740 a
387 2711 511 2741 Lindiis
532 2709 668 2745 condita,
690 2711 741 2740 vii.
766 2714 834 2742 153.
857 2710 925 2751 ejus
972 2710 1104 2740 Gnurus
1119 2710 1198 2750 Lyci
1213 2710 1304 2746 filius,
1325 2711 1547 2741 Anacharsidis
1560 2717 1660 2751 pater,

274 2763 427 2796 tyrannus
455 2753 674 2791 Hippocrates,
700 2754 739 2783 vi.
763 2757 812 2783 25.
843 2753 924 2783 Gela

1009 2753 1048 2782 iv.
1064 2756 1115 2784 76.

274 2796 411 2828 Hieroni
430 2806 450 2825 a
473 2795 596 2826 Gelone
609 2796 703 2826 fratre
726 2796 920 2833 demandata,
969 2796 1148 2826 Gnomonis
1162 2795 1337 2826 inventores
1351 2796 1527 2836 Babylonii,
1541 2797 1572 2826 ii.
1590 2801 1661 2829 109.

273 2841 324 2871 vii.
342 2842 412 2870 156.

234 2884 365 2917 Geleon.
383 2881 470 2913 Ionis
485 2880 526 2910 fil.
541 2892 571 2910 v.
585 2885 634 2912 66.

232 2927 315 2959 Gelo
339 2924 452 2957 Siciliae
473 2930 632 2964 tyrannus,
657 2925 787 2966 ejusque
809 2930 919 2965 poten-

969 2839 1112 2879 Gobryas
1126 2849 1143 2869 e
1164 2840 1249 2880 magi
1264 2839 1459 2874 occisoribus,
1477 2839 1519 2868 iii.
1537 2843 1589 2870 70.
1606 2843 1658 2870 75.

1008 2884 1058 2912 78.
1077 2882 1220 2922 Gobryas
1242 2882 1401 2912 Mardonii
1416 2890 1511 2921 pater,
1535 2883 1586 2912 vii.
1607 2886 1659 2912 82.

1011 2925 1147 2965 Gobryae
1156 2925 1323 2956 consilium
1339 2925 1377 2955 de
1388 2925 1533 2956 abeundo
1549 2936 1566 2957 e
1578 2925 1654 2965 Scy·
