1805 3151
472 158 945 209 POLYMNIA
989 160 1113 209 VII.
1371 167 1459 214 127

121 296 152 319 ‘⁸
174 295 267 354 ρεῖος
306 292 619 355 κατεργάσαντο
653 291 730 339 καὶ
765 291 1086 356 προσεκτῇσαντο
1117 290 1252 347 ἐ’θνεα,
1292 290 1461 338 ἐπιστα-

123 372 152 394 “
174 367 323 429 μένοισι
346 366 390 414 εὗ
413 368 488 414 οὐκ
511 367 560 414 οἵν
581 386 644 421 τις
665 368 794 429 λέγοι.
861 367 983 428 Ἐγὼ
1005 366 1058 424 δὲ,
1083 367 1173 415 ἐπεί
1201 385 1244 414 τε
1278 366 1461 430 παρέλα-

39 452 96 491 15
121 450 150 472 “
174 442 240 491 (ἔον
263 442 329 491 τόν
353 443 501 508 θρόνον,
524 449 647 492 τοῦτο
670 444 902 509 ἐφρόντιζον,
927 443 1026 498 ὅκως
1048 443 1107 507 μὴ
1145 443 1353 506 λείψομαι
1386 448 1462 489 τῶν

119 525 155 548 “
178 519 359 585 πρότερον
382 521 592 584 γενομένων
616 523 652 568 έν
673 524 776 585 τιμῇ
798 521 906 585 τῇδε,
929 520 1029 584 μηδὲ
1071 522 1229 568 ἐλάσσω
1263 521 1461 584 προσκτῆ-

120 602 152 626 “
175 615 304 663 σομαι
339 597 506 661 δύναμιν
549 598 739 662 Πέρσῃσι·
775 597 981 662 φροντίζων
1021 597 1060 645 δὲ
1083 597 1247 661 εὑρίσκω
1269 597 1368 660 ἅμα
1391 595 1462 660 μὲν

120 679 151 703 “
173 673 295 727 κῦδος
317 675 409 737 ἡμῖν
431 694 475 722 τε
499 675 812 739 προσγινόμενον,
836 676 962 738 χώρην
985 692 1029 722 τε
1065 677 1137 727 τῆς
1159 678 1220 720 νῢν
1260 674 1464 735 έκτίγμεθα

118 757 147 779 “
170 751 247 798 οὐκ
268 751 468 799 ἐλάσσονα
492 751 579 800 οὐδὲ
605 752 883 817 φλαυροτέρην,
923 750 1235 815 παμφορωτέρην
1272 767 1328 797 τε·
1367 750 1465 812 ἅμα

31 834 95 873 20
119 833 150 855 “
175 826 218 875 δὲ
239 828 426 892 τιμωρίην
449 847 493 876 τε
531 828 607 876 καὶ
643 829 744 877 τίσιν
781 827 994 892 γινομένην.
1032 827 1091 875 διδ
1121 828 1251 891 ὑμέας
1291 831 1353 873 νῦν
1387 826 1468 886 έγῶ

119 911 146 933 “
169 904 376 963 συνέλεξα,
399 906 464 952 ἵνα
486 904 535 952 τὸ
552 906 640 953 νοέω
657 906 851 969 πρῆσσειν,
873 905 1134 969 ὑπερθέωμαι
1153 904 1255 968 ύμῖν.
1293 903 1465 960 Μέλλω,

120 988 148 1009 “
172 981 319 1045 ζεύξας
343 980 410 1028 τὸν
432 983 748 1038 Ἑλλησποντον,
768 983 864 1046 ἒλᾷν
883 981 1053 1045 στρατὸν
1088 980 1156 1029 διοὶ
1178 985 1251 1035 τῆς
1273 982 1468 1044 Εὐρώπης

120 1065 148 1085 “
170 1057 239 1105 ἐπὶ
259 1056 328 1112 τὴν
350 1058 563 1115 Ἑλλάδα,
605 1058 670 1105 ἵνα
708 1057 966 1112 Ἀθηναίους
1005 1059 1296 1122 τιμωρησομαι,
1320 1056 1398 1104 ὅσα
1421 1056 1468 1111 δὴ

121 1140 155 1162 “
176 1134 425 1189 πεποιῆκασι
450 1135 614 1199 Πέρσας
635 1153 679 1183 τε
712 1134 788 1182 καὶ
824 1135 987 1199 πατέρα
1020 1133 1087 1181 τὸν
1124 1134 1233 1197 ἐμόν.
1300 1134 1467 1197 ‘offere

34 1220 96 1259 25
123 1217 154 1240 “
176 1213 249 1275 μέν
272 1231 334 1259 νυν
356 1211 432 1259 καὶ
457 1212 629 1276 Δαρεῖον
663 1212 837 1260 ἰθύοντα
872 1212 1171 1276 στρατεύεσθαι
1195 1210 1263 1259 ἐπὶ
1285 1209 1380 1264 τούς
1402 1210 1469 1257 οἴν-

125 1295 154 1317 “
178 1288 274 1353 δρας
295 1288 474 1342 τούτους.
509 1288 606 1335 ἀλλ’
635 1288 657 1335 0‘
689 1288 762 1352 μὲν
785 1289 1057 1344 τετελεύτηκε,
1081 1287 1157 1335 καὶ
1180 1289 1254 1335 οὐκ
1277 1287 1469 1348 ἐξεγένετό

121 1371 153 1394 “
176 1367 218 1413 οἱ
239 1367 568 1431 τιμωρησασθαι·
604 1365 684 1426 έγῶ
707 1365 747 1413 δὲ
773 1365 870 1430 ὑπέρ
893 1384 937 1413 τε
961 1365 1105 1413 ἐκείνου
1138 1364 1213 1411 καὶ
1236 1369 1310 1411 τῶν
1335 1363 1470 1411 ἄλλων

122 1451 152 1472 “
178 1444 356 1508 Περσέων
381 1445 427 1491 ού
454 1444 636 1508 πρότερον
659 1443 895 1506 παύσομαι,
920 1441 1008 1507 πρὶν
1030 1443 1053 1496 ἢ
1078 1442 1155 1489 ἕλω
1178 1460 1222 1489 τε
1244 1440 1320 1488 καὶ
1342 1441 1470 1504 πυρῶ-

122 1526 151 1547 “
173 1539 229 1566 σω
251 1518 331 1573 τοὶς
352 1517 569 1574 Ἀθηνας·
603 1519 646 1566 οἵ
665 1538 712 1579 γε
749 1519 819 1582 ἐμὲ
854 1517 930 1565 καὶ
959 1518 1121 1581 πατέρα
1145 1516 1212 1565 τόν
1236 1515 1327 1579 έμὸν
1351 1515 1473 1578 ὑπῆρ-

35 1603 97 1642 30
122 1602 151 1623 “
173 1598 246 1650 ξαν
268 1595 399 1642 οἵδικα
422 1599 633 1648 ποιεῦντες.
667 1600 809 1658 πρῶτα
831 1594 917 1657 μὲν,
941 1595 979 1648 ές
998 1593 1146 1658 Σάρδις
1160 1592 1347 1645 ἐλθόντες
1369 1593 1468 1656 ἅμα

123 1680 153 1701 “
175 1672 463 1736 Ἀρισταγόρῃ
485 1675 542 1734 τῷ
570 1672 780 1736 Μιλησίῳ,
805 1672 935 1734 δούλῳ
959 1670 999 1718 δὲ
1022 1670 1207 1734 ἡμετέρῳ,
1233 1669 1468 1732 ἀπικόμενοι

120 1756 148 1778 “
171 1749 382 1814 ἐνέπρησαν
419 1750 478 1797 τά
517 1768 562 1797 τε
602 1749 737 1796 άλσεα
769 1748 844 1795 καὶ
878 1747 935 1795 τοὶ
959 1749 1036 1812 ἱρά
1071 1748 1233 1812 δεύτερα
1260 1746 1315 1803 δὲ,
1341 1747 1471 1810 ἡμέας

123 1834 151 1855 “
174 1826 241 1874 οἶα
263 1826 373 1889 ἔρξαν
397 1827 434 1879 ἐς
455 1825 524 1880 την
562 1827 744 1889 σφετέρην
774 1823 1032 1881 ἀποὲάντας,
1071 1823 1135 1871 ὅτε
1162 1823 1306 1876 Δᾶτίς
1329 1842 1373 1870 τε
1395 1821 1471 1870 καὶ

119 1909 150 1931 “
173 1903 453 1967 Ἀρταφέρνης
497 1903 773 1966 ἐστρατήγεον,
814 1900 871 1948 τοὶ
912 1900 1132 1948 ἐπίστασθέ
1176 1920 1251 1947 κου
1305 1901 1468 1952 πάντες.

36 1988 97 2028 35
123 1987 154 2008 “
179 1979 365 2027 Τουτέων
387 1979 524 2042 μέντοι
548 1978 678 2026 εἵνεκα
712 1979 943 2042 ἀνάρτημαι
967 1978 1030 2024 ἐπ’
1061 1976 1212 2030 αύτοῦς
1235 1977 1471 2041 στρατεύεσ-

121 2063 152 2085 “
178 2060 261 2103 θαι.
299 2054 447 2116 ἀγαθοὶ
470 2054 510 2102 δὲ
533 2056 569 2103 ἐν
592 2056 751 2103 αὐτοῖσι
774 2054 921 2102 τοσάδε
944 2054 1158 2118 ἀνευρίσκω
1190 2052 1467 2117 λογιζόμενος,

123 2140 150 2162 “
174 2134 206 2180 ει’
228 2132 398 2186 τούτους
421 2151 465 2180 τε
486 2131 563 2178 καὶ
584 2133 679 2185 τούς
701 2131 878 2179 τούτοισι
920 2131 1221 2194 πλησιοχώρους
1239 2148 1471 2194 καταστρε-

126 2215 155 2238 “
178 2208 379 2272 ψόμεθα,
406 2208 446 2256 οἳ
466 2208 659 2261 Πέλοπος
681 2212 756 2255 τοῦ
796 2206 965 2272 Φρυγὸς
1004 2207 1186 2270 νέμονται
1221 2208 1360 2271 χώρην.
1396 2210 1470 2267 γῆν

123 2294 150 2314 “
173 2285 242 2340 τὴν
267 2285 450 2350 Περσίδα
475 2285 720 2348 ἀποδέξομεν
741 2288 800 2348 τῷ
827 2284 934 2338 Διὸς
956 2283 1089 2348 αι’θέρι
1108 2283 1386 2347 ὁμουρέουσαν·
1422 2283 1468 2329 οὐ

36 2371 100 2409 40
126 2367 154 2391 ‘⁶
177 2360 260 2426 γοὶρ
300 2361 347 2416 δὴ
381 2363 507 2427 χώρην
540 2381 589 2423 γε
628 2362 809 2425 οὐδεμίην
841 2360 1085 2421 κατόψεται
1121 2360 1143 2406 ὁ
1172 2360 1284 2413 ἥλιος
1306 2359 1467 2423 ὅμουρον

126 2448 154 2468 “
178 2441 318 2487 έοῦσαν
340 2442 392 2504 τῇ
415 2439 598 2504 ἡμετέρῃ,
624 2439 742 2486 ἀλλά
776 2451 902 2498 σφεας
938 2439 1082 2491 πάσας
1121 2437 1200 2497 έγῶ
1238 2437 1336 2500 ἅμα
1377 2436 1467 2499 ὑμῖν

83 2536 87 2542 ·
125 2522 159 2544 “
182 2516 283 2579 μίαν
305 2517 430 2580 χώρην
454 2518 584 2573 θῆσω,
627 2514 696 2563 διοὶ
730 2516 866 2570 πάσης
904 2515 1112 2571 διεξελθὼν
1146 2518 1217 2568 τῆς
1257 2515 1465 2578 Εὐρώπης.

126 2600 155 2621 “
181 2594 448 2657 πυνθάνομαι
472 2591 554 2657 γοὶρ
577 2591 651 2641 ὦδε
675 2593 792 2654 ἔχειν·
830 2592 920 2640 οὔτε
942 2591 1034 2639 τινοὶ
1056 2592 1173 2638 πόλιν
1198 2591 1338 2655 ἀνδρῶν
1362 2591 1467 2638 οὐδε-

126 2676 156 2697 “
180 2671 288 2733 μίην,
314 2669 404 2718 οὔτε
427 2669 542 2723 ἐ’θνος
581 2669 687 2717 οὐδὲν
726 2671 944 2734 ἀνθρώπων
967 2669 1284 2723 ὑπολείπεσθαι,
1308 2666 1356 2714 τδ
1379 2669 1469 2731 ἡμῖν

208 2747 228 2755 Α.

41 2754 103 2794 45
130 2753 162 2776 ⁴‘
186 2748 262 2795 οἷόν
285 2766 328 2796 τε
361 2747 477 2795 ἔσται
510 2748 640 2795 ἐλθεῖν
679 2748 720 2801 ἐς
750 2749 905 2810 μάχην,
944 2746 1110 2794 τουτέων
1134 2749 1209 2792 τῶν
1247 2744 1467 2800 κατέλεξα,
