<?xml version="1.0" encoding="UTF-8"?>
<!DOCTYPE html PUBLIC "-//W3C//DTD XHTML 1.0 Transitional//EN"
    "http://www.w3.org/TR/xhtml1/DTD/xhtml1-transitional.dtd">
<html xmlns="http://www.w3.org/1999/xhtml" xml:lang="en" lang="en">
 <head>
  <title>
</title>
<meta http-equiv="Content-Type" content="text/html;charset=utf-8" />
  <meta name='ocr-system' content='tesseract 3.04.00' />
  <meta name='ocr-capabilities' content='ocr_page ocr_carea ocr_par ocr_line ocrx_word'/>
</head>
<body>
  <div class='ocr_page' id='page_1' title='image "./historinlogoi9ep02herouoft/historinlogoi9ep02herouoft_0279.png"; bbox 0 0 1836 3156; ppageno 0'>
   <div class='ocr_carea' id='block_1_1' title="bbox 468 183 1460 235">
    <p class='ocr_par' dir='ltr' id='par_1_1' title="bbox 468 183 1460 235">
     <span class='ocr_line' id='line_1_1' title="bbox 468 183 1460 235; baseline 0 -1"><span class='ocrx_word' id='word_1_1' title='bbox 468 184 825 235; x_wconf 86' lang='lat' dir='ltr'><strong>URANIA</strong></span> <span class='ocrx_word' id='word_1_2' title='bbox 868 183 1024 233; x_wconf 86' lang='lat' dir='ltr'><strong>VIII.</strong></span> <span class='ocrx_word' id='word_1_3' title='bbox 1366 193 1460 235; x_wconf 83' lang='lat'><em>269</em></span> 
     </span>
    </p>
   </div>
   <div class='ocr_carea' id='block_1_2' title="bbox 37 314 1698 2074">
    <p class='ocr_par' dir='ltr' id='par_1_2' title="bbox 66 314 1691 543">
     <span class='ocr_line' id='line_1_2' title="bbox 66 314 1669 380; baseline -0.007 -11"><span class='ocrx_word' id='word_1_4' title='bbox 66 329 95 369; x_wconf 91' lang='lat'><em>5</em></span> <span class='ocrx_word' id='word_1_5' title='bbox 120 320 335 368; x_wconf 79' lang='grc' dir='ltr'><em>Πανιώνιον</em></span> <span class='ocrx_word' id='word_1_6' title='bbox 358 319 560 365; x_wconf 84' lang='grc' dir='ltr'><em>ἐνθαῦτα.</em></span> <span class='ocrx_word' id='word_1_7' title='bbox 591 316 778 378; x_wconf 75' lang='grc' dir='ltr'><em>ἐπιγνοῦς</em></span> <span class='ocrx_word' id='word_1_8' title='bbox 801 315 860 374; x_wconf 73' lang='grc' dir='ltr'><em>δὲ,</em></span> <span class='ocrx_word' id='word_1_9' title='bbox 883 314 996 376; x_wconf 82' lang='grc' dir='ltr'><em>ἐ’λεγε</em></span> <span class='ocrx_word' id='word_1_10' title='bbox 1021 314 1116 380; x_wconf 80' lang='grc' dir='ltr'><em>πρός</em></span> <span class='ocrx_word' id='word_1_11' title='bbox 1140 315 1261 364; x_wconf 71' lang='grc' dir='ltr'><em>αὐτὰν</em></span> <span class='ocrx_word' id='word_1_12' title='bbox 1284 318 1465 372; x_wconf 77' lang='grc' dir='ltr'><em>πολλοὺς</em></span> <span class='ocrx_word' id='word_1_13' title='bbox 1489 330 1598 380; x_wconf 66' lang='lat' dir='ltr'>dplum</span> <span class='ocrx_word' id='word_1_14' title='bbox 1613 341 1669 371; x_wconf 79' lang='lat' dir='ltr'><em>po-</em></span> 
     </span>
     <span class='ocr_line' id='line_1_3' title="bbox 117 379 1668 458; baseline -0.001 -14"><span class='ocrx_word' id='word_1_15' title='bbox 117 396 194 444; x_wconf 76' lang='grc' dir='ltr'><em>καὶ</em></span> <span class='ocrx_word' id='word_1_16' title='bbox 216 395 372 456; x_wconf 81' lang='grc' dir='ltr'><strong><em>φιλίους</em></strong></span> <span class='ocrx_word' id='word_1_17' title='bbox 392 394 555 455; x_wconf 79' lang='grc' dir='ltr'><em>λόγους·</em></span> <span class='ocrx_word' id='word_1_18' title='bbox 578 398 720 458; x_wconf 88' lang='grc' dir='ltr'><em>πρῶτα</em></span> <span class='ocrx_word' id='word_1_19' title='bbox 741 392 813 457; x_wconf 85' lang='grc' dir='ltr'><em>μέν</em></span> <span class='ocrx_word' id='word_1_20' title='bbox 836 393 876 440; x_wconf 80' lang='grc' dir='ltr'><em>οἱ</em></span> <span class='ocrx_word' id='word_1_21' title='bbox 894 392 1139 453; x_wconf 74' lang='grc' dir='ltr'><em>καταλέγων</em></span> <span class='ocrx_word' id='word_1_22' title='bbox 1162 391 1239 439; x_wconf 82' lang='grc' dir='ltr'><em>ὅσα</em></span> <span class='ocrx_word' id='word_1_23' title='bbox 1263 392 1389 448; x_wconf 71' lang='grc' dir='ltr'><em>αὐτὸς</em></span> <span class='ocrx_word' id='word_1_24' title='bbox 1412 394 1459 442; x_wconf 90' lang='grc' dir='ltr'><em>δι’</em></span> <span class='ocrx_word' id='word_1_25' title='bbox 1488 379 1668 447; x_wconf 52' lang='lat' dir='ltr'><em>{¹12¹}{1&#39;1sffi1‘2</em></span> 
     </span>
     <span class='ocr_line' id='line_1_4' title="bbox 118 461 1691 543; baseline -0.002 -21"><span class='ocrx_word' id='word_1_26' title='bbox 118 476 254 522; x_wconf 83' lang='grc' dir='ltr'><em>ἐκεῖνον</em></span> <span class='ocrx_word' id='word_1_27' title='bbox 284 472 371 533; x_wconf 83' lang='grc' dir='ltr'><em>ἐ’χοι</em></span> <span class='ocrx_word' id='word_1_28' title='bbox 411 472 585 532; x_wconf 85' lang='grc' dir='ltr'><em>ἀγαθά·</em></span> <span class='ocrx_word' id='word_1_29' title='bbox 622 470 783 534; x_wconf 75' lang='grc' dir='ltr'><em>δευτερα</em></span> <span class='ocrx_word' id='word_1_30' title='bbox 807 469 847 517; x_wconf 88' lang='grc' dir='ltr'><em>δέ</em></span> <span class='ocrx_word' id='word_1_31' title='bbox 871 471 912 516; x_wconf 81' lang='grc' dir='ltr'><em>οἱ</em></span> <span class='ocrx_word' id='word_1_32' title='bbox 930 469 1239 534; x_wconf 75' lang='grc' dir='ltr'><em>ὑπισχνεόμενος</em></span> <span class='ocrx_word' id='word_1_33' title='bbox 1261 470 1352 519; x_wconf 78' lang='grc' dir='ltr'><em>ἀντὶ</em></span> <span class='ocrx_word' id='word_1_34' title='bbox 1373 490 1466 519; x_wconf 90' lang='grc' dir='ltr'><em>του-</em></span> <span class='ocrx_word' id='word_1_35' title='bbox 1489 461 1691 543; x_wconf 43' lang='grc' dir='ltr'><em>ξζῗιζξζιεῗρ,</em></span> 
     </span>
    </p>

    <p class='ocr_par' dir='ltr' id='par_1_3' title="bbox 116 545 1578 690">
     <span class='ocr_line' id='line_1_5' title="bbox 116 545 1578 613; baseline -0.001 -15"><span class='ocrx_word' id='word_1_36' title='bbox 116 552 209 598; x_wconf 90' lang='grc' dir='ltr'><em>τέων</em></span> <span class='ocrx_word' id='word_1_37' title='bbox 231 548 309 597; x_wconf 76' lang='grc' dir='ltr'><em>ὅσα</em></span> <span class='ocrx_word' id='word_1_38' title='bbox 330 568 400 613; x_wconf 88' lang='grc' dir='ltr'><em>μιν</em></span> <span class='ocrx_word' id='word_1_39' title='bbox 422 547 582 609; x_wconf 76' lang='grc' dir='ltr'><em>ἀγαθοὶ</em></span> <span class='ocrx_word' id='word_1_40' title='bbox 616 548 781 603; x_wconf 75' lang='grc' dir='ltr'><em>ποιησει,</em></span> <span class='ocrx_word' id='word_1_41' title='bbox 816 547 858 601; x_wconf 73' lang='grc' dir='ltr'><em>ἢν</em></span> <span class='ocrx_word' id='word_1_42' title='bbox 890 548 1162 611; x_wconf 75' lang='grc' dir='ltr'><em>κομισάμενος</em></span> <span class='ocrx_word' id='word_1_43' title='bbox 1182 546 1276 602; x_wconf 73' lang='grc' dir='ltr'><em>τούς</em></span> <span class='ocrx_word' id='word_1_44' title='bbox 1307 549 1468 603; x_wconf 81' lang='grc' dir='ltr'><em>οἰκέτας</em></span> <span class='ocrx_word' id='word_1_45' title='bbox 1490 545 1578 587; x_wconf 78' lang='lat' dir='ltr'><strong>petit.</strong></span> 
     </span>
     <span class='ocr_line' id='line_1_6' title="bbox 118 623 1469 690; baseline 0 -17"><span class='ocrx_word' id='word_1_46' title='bbox 118 626 224 689; x_wconf 72' lang='grc' dir='ltr'><em>οἰκέῃ</em></span> <span class='ocrx_word' id='word_1_47' title='bbox 255 626 390 690; x_wconf 74' lang='grc' dir='ltr'><em>ἐκείνη·</em></span> <span class='ocrx_word' id='word_1_48' title='bbox 425 625 525 673; x_wconf 66' lang='grc' dir='ltr'><em>ὥστε</em></span> <span class='ocrx_word' id='word_1_49' title='bbox 560 624 847 687; x_wconf 81' lang='grc' dir='ltr'><em>ὑποδεξάμενον</em></span> <span class='ocrx_word' id='word_1_50' title='bbox 888 623 1056 686; x_wconf 78' lang='grc' dir='ltr'><em>οἵσμενον</em></span> <span class='ocrx_word' id='word_1_51' title='bbox 1096 623 1190 677; x_wconf 74' lang='grc' dir='ltr'><em>τους</em></span> <span class='ocrx_word' id='word_1_52' title='bbox 1228 624 1379 685; x_wconf 90' lang='grc' dir='ltr'><em>λόγους</em></span> <span class='ocrx_word' id='word_1_53' title='bbox 1401 624 1469 673; x_wconf 79' lang='grc' dir='ltr'><em>τᾶν</em></span> 
     </span>
    </p>

    <p class='ocr_par' dir='ltr' id='par_1_4' title="bbox 37 699 1468 767">
     <span class='ocr_line' id='line_1_7' title="bbox 37 699 1468 767; baseline 0.001 -17"><span class='ocrx_word' id='word_1_54' title='bbox 37 710 96 749; x_wconf 93' lang='grc'><em>10</em></span> <span class='ocrx_word' id='word_1_55' title='bbox 120 704 351 760; x_wconf 73' lang='grc' dir='ltr'><em>Πανιώνιον,</em></span> <span class='ocrx_word' id='word_1_56' title='bbox 388 703 560 766; x_wconf 87' lang='grc' dir='ltr'><em>κομίσαι</em></span> <span class='ocrx_word' id='word_1_57' title='bbox 595 701 653 749; x_wconf 78' lang='grc' dir='ltr'><em>τοὶ</em></span> <span class='ocrx_word' id='word_1_58' title='bbox 675 700 797 748; x_wconf 85' lang='grc' dir='ltr'><em>τέκνα</em></span> <span class='ocrx_word' id='word_1_59' title='bbox 830 699 905 747; x_wconf 72' lang='grc' dir='ltr'><em>καὶ</em></span> <span class='ocrx_word' id='word_1_60' title='bbox 937 699 1006 754; x_wconf 82' lang='grc' dir='ltr'><em>τῆν</em></span> <span class='ocrx_word' id='word_1_61' title='bbox 1028 705 1224 760; x_wconf 80' lang='grc' dir='ltr'><em>γυναῖκα.</em></span> <span class='ocrx_word' id='word_1_62' title='bbox 1249 703 1299 754; x_wconf 79' lang='grc' dir='ltr'><em>ὧς</em></span> <span class='ocrx_word' id='word_1_63' title='bbox 1323 701 1362 749; x_wconf 77' lang='grc' dir='ltr'><em>δὲ</em></span> <span class='ocrx_word' id='word_1_64' title='bbox 1387 703 1468 767; x_wconf 71' lang='grc' dir='ltr'><em>ἄρα</em></span> 
     </span>
    </p>

    <p class='ocr_par' dir='ltr' id='par_1_5' title="bbox 39 777 1698 2074">
     <span class='ocr_line' id='line_1_8' title="bbox 117 777 1467 844; baseline 0 -17"><span class='ocrx_word' id='word_1_65' title='bbox 117 781 306 844; x_wconf 73' lang='grc' dir='ltr'><em>πανοικίῃ</em></span> <span class='ocrx_word' id='word_1_66' title='bbox 327 799 396 844; x_wconf 91' lang='grc' dir='ltr'><em>μιν</em></span> <span class='ocrx_word' id='word_1_67' title='bbox 430 778 655 844; x_wconf 69' lang='grc' dir='ltr'><em>περιέλαὲε,</em></span> <span class='ocrx_word' id='word_1_68' title='bbox 689 778 804 839; x_wconf 77' lang='grc' dir='ltr'><em>ἐ’λεγε</em></span> <span class='ocrx_word' id='word_1_69' title='bbox 842 778 863 824; x_wconf 82' lang='grc' dir='ltr'>ὁ</span> <span class='ocrx_word' id='word_1_70' title='bbox 893 777 1145 842; x_wconf 83' lang='grc' dir='ltr'><em>Ἑρμότιμος</em></span> <span class='ocrx_word' id='word_1_71' title='bbox 1177 778 1292 825; x_wconf 86' lang='grc' dir='ltr'><em>τάδε·</em></span> <span class='ocrx_word' id='word_1_72' title='bbox 1346 779 1467 827; x_wconf 45' lang='lat' dir='ltr'><em>“TO</em></span> 
     </span>
     <span class='ocr_line' id='line_1_9' title="bbox 120 854 1469 922; baseline -0.001 -18"><span class='ocrx_word' id='word_1_73' title='bbox 120 863 148 885; x_wconf 90' lang='lat'><strong>“</strong></span> <span class='ocrx_word' id='word_1_74' title='bbox 170 857 330 904; x_wconf 88' lang='grc' dir='ltr'><em>πάντων</em></span> <span class='ocrx_word' id='word_1_75' title='bbox 353 857 495 922; x_wconf 89' lang='grc' dir='ltr'><em>ἀνδρῶν</em></span> <span class='ocrx_word' id='word_1_76' title='bbox 528 856 599 911; x_wconf 74' lang='grc' dir='ltr'><em>ἤδη</em></span> <span class='ocrx_word' id='word_1_77' title='bbox 631 856 826 919; x_wconf 87' lang='grc' dir='ltr'><em>μάλιστα</em></span> <span class='ocrx_word' id='word_1_78' title='bbox 849 855 924 901; x_wconf 86' lang='grc' dir='ltr'><em>ἀπ’</em></span> <span class='ocrx_word' id='word_1_79' title='bbox 963 854 1081 919; x_wconf 75' lang='grc' dir='ltr'><em>’ἔργων</em></span> <span class='ocrx_word' id='word_1_80' title='bbox 1104 855 1379 902; x_wconf 75' lang='grc' dir='ltr'><em>ἀνοσιωτάτων</em></span> <span class='ocrx_word' id='word_1_81' title='bbox 1402 854 1469 903; x_wconf 77' lang='grc' dir='ltr'><em>τᾶν</em></span> 
     </span>
     <span class='ocr_line' id='line_1_10' title="bbox 125 930 1471 998; baseline -0.001 -17"><span class='ocrx_word' id='word_1_82' title='bbox 125 940 154 962; x_wconf 88' lang='grc'><strong>“</strong></span> <span class='ocrx_word' id='word_1_83' title='bbox 177 935 266 998; x_wconf 81' lang='grc' dir='ltr'><em>βίον</em></span> <span class='ocrx_word' id='word_1_84' title='bbox 289 935 530 997; x_wconf 72' lang='grc' dir='ltr'><em>κτησάμενε,</em></span> <span class='ocrx_word' id='word_1_85' title='bbox 555 933 602 980; x_wconf 90' lang='grc' dir='ltr'><em>τί</em></span> <span class='ocrx_word' id='word_1_86' title='bbox 620 932 662 980; x_wconf 74' lang='grc' dir='ltr'><em>σὲ</em></span> <span class='ocrx_word' id='word_1_87' title='bbox 685 932 766 994; x_wconf 67' lang='grc' dir='ltr'><em>ἐγώ</em></span> <span class='ocrx_word' id='word_1_88' title='bbox 786 931 914 979; x_wconf 81' lang='grc' dir='ltr'><em>κακὸν</em></span> <span class='ocrx_word' id='word_1_89' title='bbox 937 933 959 986; x_wconf 78' lang='grc' dir='ltr'><em>ἢ</em></span> <span class='ocrx_word' id='word_1_90' title='bbox 985 930 1109 985; x_wconf 80' lang='grc' dir='ltr'><em>αὐτδς</em></span> <span class='ocrx_word' id='word_1_91' title='bbox 1130 933 1153 986; x_wconf 78' lang='grc' dir='ltr'><em>ἢ</em></span> <span class='ocrx_word' id='word_1_92' title='bbox 1176 937 1251 979; x_wconf 92' lang='grc' dir='ltr'><em>τῶν</em></span> <span class='ocrx_word' id='word_1_93' title='bbox 1273 933 1375 996; x_wconf 93' lang='grc' dir='ltr'><em>ἐμῶν</em></span> <span class='ocrx_word' id='word_1_94' title='bbox 1408 952 1471 987; x_wconf 90' lang='grc' dir='ltr'><em>τις</em></span> 
     </span>
     <span class='ocr_line' id='line_1_11' title="bbox 123 1008 1472 1075; baseline -0.001 -16"><span class='ocrx_word' id='word_1_95' title='bbox 123 1018 151 1040; x_wconf 85' lang='grc'><strong>“</strong></span> <span class='ocrx_word' id='word_1_96' title='bbox 174 1012 394 1075; x_wconf 86' lang='grc' dir='ltr'><em>ἐργάσατο,</em></span> <span class='ocrx_word' id='word_1_97' title='bbox 433 1012 457 1064; x_wconf 75' lang='grc' dir='ltr'><em>ἢ</em></span> <span class='ocrx_word' id='word_1_98' title='bbox 496 1009 553 1066; x_wconf 76' lang='grc' dir='ltr'><em>σὲ,</em></span> <span class='ocrx_word' id='word_1_99' title='bbox 595 1011 617 1063; x_wconf 79' lang='grc' dir='ltr'><em>ἢ</em></span> <span class='ocrx_word' id='word_1_100' title='bbox 658 1014 733 1057; x_wconf 88' lang='grc' dir='ltr'><em>τῶν</em></span> <span class='ocrx_word' id='word_1_101' title='bbox 767 1015 840 1057; x_wconf 93' lang='grc' dir='ltr'><em>σῶν</em></span> <span class='ocrx_word' id='word_1_102' title='bbox 876 1008 981 1065; x_wconf 77' lang='grc' dir='ltr'><em>τινοὶ,</em></span> <span class='ocrx_word' id='word_1_103' title='bbox 1018 1009 1079 1056; x_wconf 80' lang='grc' dir='ltr'><em>ὅτι</em></span> <span class='ocrx_word' id='word_1_104' title='bbox 1116 1028 1168 1072; x_wconf 92' lang='grc' dir='ltr'><em>με</em></span> <span class='ocrx_word' id='word_1_105' title='bbox 1204 1010 1291 1056; x_wconf 89' lang='grc' dir='ltr'><em>ἀντ’</em></span> <span class='ocrx_word' id='word_1_106' title='bbox 1335 1009 1472 1074; x_wconf 74' lang='grc' dir='ltr'><em>ἀνδρός</em></span> 
     </span>
     <span class='ocr_line' id='line_1_12' title="bbox 41 1085 1471 1150; baseline -0.001 -15"><span class='ocrx_word' id='word_1_107' title='bbox 41 1096 98 1135; x_wconf 92' lang='grc'><em>15</em></span> <span class='ocrx_word' id='word_1_108' title='bbox 124 1094 152 1116; x_wconf 86' lang='grc'><strong>“</strong></span> <span class='ocrx_word' id='word_1_109' title='bbox 175 1087 366 1141; x_wconf 87' lang='grc' dir='ltr'><em>ἐποίησας</em></span> <span class='ocrx_word' id='word_1_110' title='bbox 409 1085 458 1134; x_wconf 80' lang='grc' dir='ltr'><em>τό</em></span> <span class='ocrx_word' id='word_1_111' title='bbox 496 1085 616 1150; x_wconf 76' lang='grc' dir='ltr'><em>μηδὲν</em></span> <span class='ocrx_word' id='word_1_112' title='bbox 654 1086 769 1141; x_wconf 73' lang='grc' dir='ltr'><em>εἷναι;</em></span> <span class='ocrx_word' id='word_1_113' title='bbox 812 1086 962 1140; x_wconf 85' lang='grc' dir='ltr'><em>ἐδόκέες</em></span> <span class='ocrx_word' id='word_1_114' title='bbox 1000 1105 1044 1133; x_wconf 88' lang='grc' dir='ltr'><em>τε</em></span> <span class='ocrx_word' id='word_1_115' title='bbox 1081 1085 1201 1140; x_wconf 77' lang='grc' dir='ltr'><em>θεοῦς</em></span> <span class='ocrx_word' id='word_1_116' title='bbox 1239 1088 1368 1141; x_wconf 80' lang='grc' dir='ltr'><em>λησειν</em></span> <span class='ocrx_word' id='word_1_117' title='bbox 1404 1086 1471 1133; x_wconf 71' lang='grc' dir='ltr'><em>οἶα</em></span> 
     </span>
     <span class='ocr_line' id='line_1_13' title="bbox 125 1162 1473 1227; baseline 0 -17"><span class='ocrx_word' id='word_1_118' title='bbox 125 1170 157 1191; x_wconf 90' lang='grc'><strong><em>“</em></strong></span> <span class='ocrx_word' id='word_1_119' title='bbox 180 1165 371 1227; x_wconf 84' lang='grc' dir='ltr'><em>ἐμηχανῶ</em></span> <span class='ocrx_word' id='word_1_120' title='bbox 409 1162 518 1210; x_wconf 90' lang='grc' dir='ltr'><em>τότε·</em></span> <span class='ocrx_word' id='word_1_121' title='bbox 554 1163 596 1209; x_wconf 80' lang='grc' dir='ltr'><em>οἵ</em></span> <span class='ocrx_word' id='word_1_122' title='bbox 629 1180 671 1211; x_wconf 89' lang='grc' dir='ltr'><em>σε</em></span> <span class='ocrx_word' id='word_1_123' title='bbox 711 1163 940 1217; x_wconf 78' lang='grc' dir='ltr'><em>ποιησαντα</em></span> <span class='ocrx_word' id='word_1_124' title='bbox 985 1162 1139 1219; x_wconf 87' lang='grc' dir='ltr'><em>ἀνόσια,</em></span> <span class='ocrx_word' id='word_1_125' title='bbox 1181 1163 1287 1227; x_wconf 78' lang='grc' dir='ltr'><em>νόμῳ</em></span> <span class='ocrx_word' id='word_1_126' title='bbox 1327 1164 1473 1226; x_wconf 75' lang='grc' dir='ltr'><em>δικαίῳ</em></span> 
     </span>
     <span class='ocr_line' id='line_1_14' title="bbox 124 1238 1472 1305; baseline 0 -17"><span class='ocrx_word' id='word_1_127' title='bbox 124 1248 151 1270; x_wconf 86' lang='grc'><strong>“</strong></span> <span class='ocrx_word' id='word_1_128' title='bbox 172 1242 398 1305; x_wconf 85' lang='grc' dir='ltr'><em>χρεώμενοι,</em></span> <span class='ocrx_word' id='word_1_129' title='bbox 442 1240 662 1302; x_wconf 69' lang='grc' dir='ltr'><em>ὑπήγαγον</em></span> <span class='ocrx_word' id='word_1_130' title='bbox 699 1241 737 1293; x_wconf 88' lang='grc' dir='ltr'><em>ἐς</em></span> <span class='ocrx_word' id='word_1_131' title='bbox 777 1240 899 1304; x_wconf 87' lang='grc' dir='ltr'><em>χέρας</em></span> <span class='ocrx_word' id='word_1_132' title='bbox 934 1238 1012 1294; x_wconf 76' lang='grc' dir='ltr'><em>τοὶς</em></span> <span class='ocrx_word' id='word_1_133' title='bbox 1049 1239 1165 1303; x_wconf 76' lang='grc' dir='ltr'><em>ἐμοὶς,</em></span> <span class='ocrx_word' id='word_1_134' title='bbox 1206 1240 1306 1288; x_wconf 68' lang='grc' dir='ltr'><em>ὥστε</em></span> <span class='ocrx_word' id='word_1_135' title='bbox 1347 1258 1389 1288; x_wconf 82' lang='grc' dir='ltr'><em>σε</em></span> <span class='ocrx_word' id='word_1_136' title='bbox 1412 1239 1472 1303; x_wconf 83' lang='grc' dir='ltr'><em>μῆ</em></span> 
     </span>
     <span class='ocr_line' id='line_1_15' title="bbox 123 1314 1470 1380; baseline -0.001 -16"><span class='ocrx_word' id='word_1_137' title='bbox 123 1324 151 1345; x_wconf 81' lang='grc'><strong>“</strong></span> <span class='ocrx_word' id='word_1_138' title='bbox 171 1316 445 1380; x_wconf 68' lang='grc' dir='ltr'><em>μέμψασθαι</em></span> <span class='ocrx_word' id='word_1_139' title='bbox 480 1316 548 1370; x_wconf 85' lang='grc' dir='ltr'><em>τῆν</em></span> <span class='ocrx_word' id='word_1_140' title='bbox 582 1316 658 1363; x_wconf 91' lang='grc' dir='ltr'><em>ἀπ’</em></span> <span class='ocrx_word' id='word_1_141' title='bbox 686 1316 778 1379; x_wconf 87' lang='grc' dir='ltr'><em>ἐμέο</em></span> <span class='ocrx_word' id='word_1_142' title='bbox 800 1335 862 1363; x_wconf 91' lang='grc' dir='ltr'><em>τοι</em></span> <span class='ocrx_word' id='word_1_143' title='bbox 895 1316 1072 1379; x_wconf 74' lang='grc' dir='ltr'><em>ἐσομένην</em></span> <span class='ocrx_word' id='word_1_144' title='bbox 1095 1314 1248 1370; x_wconf 86' lang='grc' dir='ltr'><em>δίκην.”</em></span> <span class='ocrx_word' id='word_1_145' title='bbox 1315 1317 1407 1369; x_wconf 78' lang='grc' dir='ltr'><em>“Ως</em></span> <span class='ocrx_word' id='word_1_146' title='bbox 1430 1315 1470 1362; x_wconf 88' lang='grc' dir='ltr'><em>δέ</em></span> 
     </span>
     <span class='ocr_line' id='line_1_16' title="bbox 121 1392 1471 1454; baseline -0.001 -13"><span class='ocrx_word' id='word_1_147' title='bbox 121 1396 163 1441; x_wconf 84' lang='grc' dir='ltr'><em>οἱ</em></span> <span class='ocrx_word' id='word_1_148' title='bbox 180 1398 323 1441; x_wconf 85' lang='grc' dir='ltr'><em>ταῦτα</em></span> <span class='ocrx_word' id='word_1_149' title='bbox 357 1394 540 1450; x_wconf 79' lang='grc' dir='ltr'><em>ὠνείδισε,</em></span> <span class='ocrx_word' id='word_1_150' title='bbox 577 1393 788 1454; x_wconf 88' lang='grc' dir='ltr'><em>ἀχθέντων</em></span> <span class='ocrx_word' id='word_1_151' title='bbox 820 1398 896 1441; x_wconf 91' lang='grc' dir='ltr'><em>τῶν</em></span> <span class='ocrx_word' id='word_1_152' title='bbox 929 1393 1084 1441; x_wconf 89' lang='grc' dir='ltr'><em>παίδων</em></span> <span class='ocrx_word' id='word_1_153' title='bbox 1117 1394 1155 1446; x_wconf 89' lang='grc' dir='ltr'><em>ἐς</em></span> <span class='ocrx_word' id='word_1_154' title='bbox 1188 1392 1300 1453; x_wconf 62' lang='grc' dir='ltr'><em>ὅφιν,</em></span> <span class='ocrx_word' id='word_1_155' title='bbox 1346 1396 1471 1454; x_wconf 78' lang='grc' dir='ltr'><em>ἠναγ-</em></span> 
     </span>
     <span class='ocr_line' id='line_1_17' title="bbox 39 1469 1472 1535; baseline -0.001 -16"><span class='ocrx_word' id='word_1_156' title='bbox 39 1479 103 1519; x_wconf 80' lang='lat'><em>20</em></span> <span class='ocrx_word' id='word_1_157' title='bbox 124 1471 280 1535; x_wconf 80' lang='grc' dir='ltr'><em>κάζετο</em></span> <span class='ocrx_word' id='word_1_158' title='bbox 299 1471 321 1518; x_wconf 87' lang='lat'><em>0‘</em></span> <span class='ocrx_word' id='word_1_159' title='bbox 344 1472 563 1525; x_wconf 77' lang='grc' dir='ltr'><em>Πανιώνιος</em></span> <span class='ocrx_word' id='word_1_160' title='bbox 584 1475 659 1517; x_wconf 91' lang='grc' dir='ltr'><em>τῶν</em></span> <span class='ocrx_word' id='word_1_161' title='bbox 683 1469 831 1518; x_wconf 82' lang='grc' dir='ltr'><em>ἑωυτοῦ</em></span> <span class='ocrx_word' id='word_1_162' title='bbox 854 1471 1021 1527; x_wconf 83' lang='grc' dir='ltr'><em>παίδων,</em></span> <span class='ocrx_word' id='word_1_163' title='bbox 1044 1469 1226 1534; x_wconf 87' lang='grc' dir='ltr'><em>τεσσέρων</em></span> <span class='ocrx_word' id='word_1_164' title='bbox 1242 1469 1389 1527; x_wconf 90' lang='grc' dir='ltr'><em>ἐόντων,</em></span> <span class='ocrx_word' id='word_1_165' title='bbox 1415 1469 1472 1517; x_wconf 79' lang='grc' dir='ltr'><em>τοὶ</em></span> 
     </span>
     <span class='ocr_line' id='line_1_18' title="bbox 124 1547 1473 1612; baseline -0.001 -17"><span class='ocrx_word' id='word_1_166' title='bbox 124 1549 262 1596; x_wconf 80' lang='grc' dir='ltr'><em>αἰδοῖα</em></span> <span class='ocrx_word' id='word_1_167' title='bbox 301 1549 566 1612; x_wconf 83' lang='grc' dir='ltr'><em>ἀποτάμνειν·</em></span> <span class='ocrx_word' id='word_1_168' title='bbox 602 1548 942 1611; x_wconf 79' lang='grc' dir='ltr'><em>ἀναγκαζόμενος</em></span> <span class='ocrx_word' id='word_1_169' title='bbox 975 1547 1029 1603; x_wconf 78' lang='grc' dir='ltr'><em>δὲ,</em></span> <span class='ocrx_word' id='word_1_170' title='bbox 1065 1548 1189 1595; x_wconf 90' lang='grc' dir='ltr'><em>ἐποίεε</em></span> <span class='ocrx_word' id='word_1_171' title='bbox 1215 1552 1373 1594; x_wconf 79' lang='grc' dir='ltr'><em>ταῦτα·</em></span> <span class='ocrx_word' id='word_1_172' title='bbox 1399 1548 1473 1593; x_wconf 84' lang='grc' dir='ltr'><em>αὐ-</em></span> 
     </span>
     <span class='ocr_line' id='line_1_19' title="bbox 123 1624 1473 1690; baseline -0.001 -17"><span class='ocrx_word' id='word_1_173' title='bbox 123 1631 199 1673; x_wconf 84' lang='grc' dir='ltr'><em>τοῦ</em></span> <span class='ocrx_word' id='word_1_174' title='bbox 237 1645 296 1683; x_wconf 89' lang='grc' dir='ltr'><em>τε,</em></span> <span class='ocrx_word' id='word_1_175' title='bbox 338 1629 390 1680; x_wconf 79' lang='grc' dir='ltr'><em>ῶς</em></span> <span class='ocrx_word' id='word_1_176' title='bbox 423 1631 567 1674; x_wconf 84' lang='grc' dir='ltr'><em>ταῦτα</em></span> <span class='ocrx_word' id='word_1_177' title='bbox 611 1627 830 1690; x_wconf 88' lang='grc' dir='ltr'><em>ἐργάσατο,</em></span> <span class='ocrx_word' id='word_1_178' title='bbox 876 1627 918 1672; x_wconf 84' lang='grc' dir='ltr'><em>οἱ</em></span> <span class='ocrx_word' id='word_1_179' title='bbox 956 1625 1097 1679; x_wconf 81' lang='grc' dir='ltr'><em>παῖδες</em></span> <span class='ocrx_word' id='word_1_180' title='bbox 1141 1624 1473 1688; x_wconf 80' lang='grc' dir='ltr'><em>ἀναγκαζόμενοι</em></span> 
     </span>
     <span class='ocr_line' id='line_1_20' title="bbox 124 1701 1475 1767; baseline -0.001 -18"><span class='ocrx_word' id='word_1_181' title='bbox 124 1701 375 1765; x_wconf 84' lang='grc' dir='ltr'><em>ἀπέταμνον.</em></span> <span class='ocrx_word' id='word_1_182' title='bbox 446 1703 662 1749; x_wconf 87' lang='grc' dir='ltr'><em>Πανιώνιον</em></span> <span class='ocrx_word' id='word_1_183' title='bbox 695 1702 768 1765; x_wconf 91' lang='grc' dir='ltr'><em>μέν</em></span> <span class='ocrx_word' id='word_1_184' title='bbox 803 1721 865 1748; x_wconf 89' lang='grc' dir='ltr'><em>νυν</em></span> <span class='ocrx_word' id='word_1_185' title='bbox 899 1701 1003 1750; x_wconf 80' lang='grc' dir='ltr'><em>οὕτω</em></span> <span class='ocrx_word' id='word_1_186' title='bbox 1036 1704 1229 1767; x_wconf 88' lang='grc' dir='ltr'><em>περιῆλθε</em></span> <span class='ocrx_word' id='word_1_187' title='bbox 1257 1701 1283 1756; x_wconf 73' lang='grc' dir='ltr'><em>ἤ</em></span> <span class='ocrx_word' id='word_1_188' title='bbox 1305 1721 1349 1749; x_wconf 91' lang='grc' dir='ltr'><em>τε</em></span> <span class='ocrx_word' id='word_1_189' title='bbox 1371 1702 1475 1754; x_wconf 85' lang='grc' dir='ltr'><em>τίσις</em></span> 
     </span>
     <span class='ocr_line' id='line_1_21' title="bbox 126 1777 523 1842; baseline 0 -17"><span class='ocrx_word' id='word_1_190' title='bbox 126 1777 200 1830; x_wconf 69' lang='grc' dir='ltr'><em>καὶ</em></span> <span class='ocrx_word' id='word_1_191' title='bbox 224 1778 246 1824; x_wconf 84' lang='lat' dir='ltr'><em>o‘</em></span> <span class='ocrx_word' id='word_1_192' title='bbox 260 1777 523 1842; x_wconf 88' lang='grc' dir='ltr'><em>Ἑρμότιμος.</em></span> 
     </span>
     <span class='ocr_line' id='line_1_22' title="bbox 195 1855 1681 1922; baseline -0.003 -19"><span class='ocrx_word' id='word_1_193' title='bbox 195 1872 311 1903; x_wconf 84' lang='lat' dir='ltr'><strong>CVII.</strong></span> <span class='ocrx_word' id='word_1_194' title='bbox 381 1856 532 1921; x_wconf 78' lang='grc' dir='ltr'><em>Ξέρξης</em></span> <span class='ocrx_word' id='word_1_195' title='bbox 567 1856 620 1912; x_wconf 75' lang='grc' dir='ltr'><em>δὲ,</em></span> <span class='ocrx_word' id='word_1_196' title='bbox 643 1858 694 1910; x_wconf 77' lang='grc' dir='ltr'><em>ῶς</em></span> <span class='ocrx_word' id='word_1_197' title='bbox 723 1856 819 1909; x_wconf 70' lang='grc' dir='ltr'><em>τοὺς</em></span> <span class='ocrx_word' id='word_1_198' title='bbox 849 1857 1005 1910; x_wconf 79' lang='grc' dir='ltr'><em>παῖδας</em></span> <span class='ocrx_word' id='word_1_199' title='bbox 1050 1855 1297 1920; x_wconf 73' lang='grc' dir='ltr'><em>Ἀρτεμισίῃ</em></span> <span class='ocrx_word' id='word_1_200' title='bbox 1320 1856 1473 1922; x_wconf 84' lang='grc' dir='ltr'><em>ἐπέτρε-</em></span> <span class='ocrx_word' id='word_1_201' title='bbox 1500 1868 1681 1919; x_wconf 39' lang='lat' dir='ltr'><strong>Artemisia·</strong></span> 
     </span>
     <span class='ocr_line' id='line_1_23' title="bbox 126 1922 1698 1998; baseline 0 -17"><span class='ocrx_word' id='word_1_202' title='bbox 126 1933 187 1993; x_wconf 70' lang='grc' dir='ltr'><em>ψε</em></span> <span class='ocrx_word' id='word_1_203' title='bbox 219 1934 398 1994; x_wconf 86' lang='grc' dir='ltr'><em>ἀπάγειν</em></span> <span class='ocrx_word' id='word_1_204' title='bbox 433 1935 470 1987; x_wconf 90' lang='grc' dir='ltr'><em>ἐς</em></span> <span class='ocrx_word' id='word_1_205' title='bbox 499 1935 688 1992; x_wconf 84' lang='grc' dir='ltr'><em>’Έφεσον,</em></span> <span class='ocrx_word' id='word_1_206' title='bbox 723 1933 907 1986; x_wconf 84' lang='grc' dir='ltr'><em>καλέσας</em></span> <span class='ocrx_word' id='word_1_207' title='bbox 942 1933 1181 1998; x_wconf 87' lang='grc' dir='ltr'><em>Μαρδόνιον,</em></span> <span class='ocrx_word' id='word_1_208' title='bbox 1216 1933 1369 1981; x_wconf 88' lang='grc' dir='ltr'><em>ἐκέλευέ</em></span> <span class='ocrx_word' id='word_1_209' title='bbox 1404 1953 1473 1997; x_wconf 91' lang='grc' dir='ltr'><em>μιν</em></span> <span class='ocrx_word' id='word_1_210' title='bbox 1495 1922 1698 1997; x_wconf 51' lang='grc' dir='ltr'><em>ἷὲἓςξῗεω</em></span> 
     </span>
     <span class='ocr_line' id='line_1_24' title="bbox 125 1998 1651 2074; baseline 0.001 -18"><span class='ocrx_word' id='word_1_211' title='bbox 125 2013 197 2064; x_wconf 91' lang='grc' dir='ltr'><em>τῆς</em></span> <span class='ocrx_word' id='word_1_212' title='bbox 235 2013 426 2074; x_wconf 85' lang='grc' dir='ltr'><em>στρατιῆς</em></span> <span class='ocrx_word' id='word_1_213' title='bbox 462 2009 661 2071; x_wconf 86' lang='grc' dir='ltr'><em>διαλέγειν</em></span> <span class='ocrx_word' id='word_1_214' title='bbox 695 2009 788 2063; x_wconf 68' lang='grc' dir='ltr'><em>τοὺς</em></span> <span class='ocrx_word' id='word_1_215' title='bbox 828 2010 1041 2074; x_wconf 73' lang='grc' dir='ltr'><em>βούλεται,</em></span> <span class='ocrx_word' id='word_1_216' title='bbox 1082 2009 1158 2057; x_wconf 74' lang='grc' dir='ltr'><em>καὶ</em></span> <span class='ocrx_word' id='word_1_217' title='bbox 1196 2010 1335 2058; x_wconf 87' lang='grc' dir='ltr'><em>ποιέειν</em></span> <span class='ocrx_word' id='word_1_218' title='bbox 1371 2016 1472 2058; x_wconf 83' lang='grc' dir='ltr'><em>τοῖσι</em></span> <span class='ocrx_word' id='word_1_219' title='bbox 1495 1998 1651 2036; x_wconf 61' lang='lat' dir='ltr'>mandata&#39;</span> 
     </span>
    </p>
   </div>
   <div class='ocr_carea' id='block_1_3' title="bbox 1498 2042 1621 2074">
    <p class='ocr_par' dir='ltr' id='par_1_6' title="bbox 1498 2042 1621 2074">
     <span class='ocr_line' id='line_1_25' title="bbox 1498 2042 1621 2074; baseline -0.016 0"><span class='ocrx_word' id='word_1_220' title='bbox 1498 2042 1621 2074; x_wconf 86' lang='lat' dir='ltr'>Xerxes</span> 
     </span>
    </p>
   </div>
   <div class='ocr_carea' id='block_1_4' title="bbox 126 2085 1696 2168">
    <p class='ocr_par' dir='ltr' id='par_1_7' title="bbox 126 2085 1696 2168">
     <span class='ocr_line' id='line_1_26' title="bbox 126 2085 1696 2168; baseline -0.013 -35"><span class='ocrx_word' id='word_1_221' title='bbox 126 2086 285 2147; x_wconf 90' lang='grc' dir='ltr'><em>λόγοισι</em></span> <span class='ocrx_word' id='word_1_222' title='bbox 333 2085 390 2134; x_wconf 81' lang='grc' dir='ltr'><em>τοὶ</em></span> <span class='ocrx_word' id='word_1_223' title='bbox 437 2086 537 2151; x_wconf 78' lang='grc' dir='ltr'><em>ἔργα</em></span> <span class='ocrx_word' id='word_1_224' title='bbox 577 2088 807 2151; x_wconf 87' lang='grc' dir='ltr'><em>πειρώμενον</em></span> <span class='ocrx_word' id='word_1_225' title='bbox 848 2086 984 2150; x_wconf 81' lang='grc' dir='ltr'><em>ὁμοῖα.</em></span> <span class='ocrx_word' id='word_1_226' title='bbox 1076 2087 1245 2141; x_wconf 80' lang='grc' dir='ltr'><em>Ταὺτην</em></span> <span class='ocrx_word' id='word_1_227' title='bbox 1287 2086 1361 2150; x_wconf 81' lang='grc' dir='ltr'><em>μὲν</em></span> <span class='ocrx_word' id='word_1_228' title='bbox 1404 2087 1472 2143; x_wconf 78' lang='grc' dir='ltr'><em>τῆν</em></span> <span class='ocrx_word' id='word_1_229' title='bbox 1494 2085 1696 2168; x_wconf 52' lang='lat' dir='ltr'>ffigzigtiism</span> 
     </span>
    </p>
   </div>
   <div class='ocr_carea' id='block_1_5' title="bbox 72 2164 1678 2254">
    <p class='ocr_par' dir='ltr' id='par_1_8' title="bbox 72 2164 1678 2254">
     <span class='ocr_line' id='line_1_27' title="bbox 72 2164 1678 2254; baseline 0 -42"><span class='ocrx_word' id='word_1_230' title='bbox 72 2172 101 2212; x_wconf 90' lang='lat'><em>5</em></span> <span class='ocrx_word' id='word_1_231' title='bbox 125 2164 263 2229; x_wconf 75' lang='grc' dir='ltr'><em>ἡμέρην</em></span> <span class='ocrx_word' id='word_1_232' title='bbox 286 2166 324 2218; x_wconf 81' lang='grc' dir='ltr'><em>ἐς</em></span> <span class='ocrx_word' id='word_1_233' title='bbox 349 2170 520 2213; x_wconf 85' lang='grc' dir='ltr'><em>τοσοῦτο</em></span> <span class='ocrx_word' id='word_1_234' title='bbox 544 2166 706 2225; x_wconf 88' lang='grc' dir='ltr'><em>ἐγίνετο.</em></span> <span class='ocrx_word' id='word_1_235' title='bbox 739 2169 810 2220; x_wconf 90' lang='grc' dir='ltr'><em>τῆς</em></span> <span class='ocrx_word' id='word_1_236' title='bbox 833 2164 873 2213; x_wconf 78' lang='grc' dir='ltr'><em>δὲ</em></span> <span class='ocrx_word' id='word_1_237' title='bbox 910 2165 1067 2223; x_wconf 82' lang='grc' dir='ltr'><em>νυκτὸς,</em></span> <span class='ocrx_word' id='word_1_238' title='bbox 1097 2165 1360 2217; x_wconf 75' lang='grc' dir='ltr'><em>κελεύσαντος</em></span> <span class='ocrx_word' id='word_1_239' title='bbox 1387 2166 1471 2228; x_wconf 78' lang='grc' dir='ltr'><em>βα·</em></span> <span class='ocrx_word' id='word_1_240' title='bbox 1494 2171 1678 2254; x_wconf 52' lang='lat' dir='ltr'><em>{ssnfflffies&#39;</em></span> 
     </span>
    </p>
   </div>
   <div class='ocr_carea' id='block_1_6' title="bbox 43 2241 1695 2844">
    <p class='ocr_par' dir='ltr' id='par_1_9' title="bbox 43 2241 1695 2844">
     <span class='ocr_line' id='line_1_28' title="bbox 129 2241 1695 2307; baseline 0 -18"><span class='ocrx_word' id='word_1_241' title='bbox 129 2246 276 2299; x_wconf 88' lang='grc' dir='ltr'><em>σιλῆος,</em></span> <span class='ocrx_word' id='word_1_242' title='bbox 310 2241 387 2296; x_wconf 78' lang='grc' dir='ltr'><em>τοὶς</em></span> <span class='ocrx_word' id='word_1_243' title='bbox 423 2246 516 2297; x_wconf 87' lang='grc' dir='ltr'><em>νῆας</em></span> <span class='ocrx_word' id='word_1_244' title='bbox 549 2244 590 2288; x_wconf 81' lang='grc' dir='ltr'><em>οἱ</em></span> <span class='ocrx_word' id='word_1_245' title='bbox 618 2242 840 2307; x_wconf 74' lang='grc' dir='ltr'><em>στρατηγοὶ</em></span> <span class='ocrx_word' id='word_1_246' title='bbox 885 2243 930 2290; x_wconf 91' lang='grc' dir='ltr'><em>ἐκ</em></span> <span class='ocrx_word' id='word_1_247' title='bbox 963 2247 1038 2290; x_wconf 82' lang='grc' dir='ltr'><em>τοῦ</em></span> <span class='ocrx_word' id='word_1_248' title='bbox 1077 2243 1275 2306; x_wconf 75' lang='grc' dir='ltr'><em>Φαληρου</em></span> <span class='ocrx_word' id='word_1_249' title='bbox 1312 2242 1471 2302; x_wconf 86' lang='grc' dir='ltr'><em>ἀπῆγον</em></span> <span class='ocrx_word' id='word_1_250' title='bbox 1493 2256 1635 2297; x_wconf 82' lang='lat' dir='ltr'>protinus</span> <span class='ocrx_word' id='word_1_251' title='bbox 1645 2266 1695 2289; x_wconf 81' lang='lat' dir='ltr'><em>re-</em></span> 
     </span>
     <span class='ocr_line' id='line_1_29' title="bbox 127 2305 1661 2379; baseline 0.001 -15"><span class='ocrx_word' id='word_1_252' title='bbox 127 2318 254 2365; x_wconf 79' lang='grc' dir='ltr'><em>ὀπίσω</em></span> <span class='ocrx_word' id='word_1_253' title='bbox 277 2320 314 2372; x_wconf 89' lang='grc' dir='ltr'><em>ἐς</em></span> <span class='ocrx_word' id='word_1_254' title='bbox 346 2318 413 2366; x_wconf 79' lang='grc' dir='ltr'><em>τᾶν</em></span> <span class='ocrx_word' id='word_1_255' title='bbox 442 2319 759 2375; x_wconf 70' lang='grc' dir='ltr'><em>Ἑλλησποντον,</em></span> <span class='ocrx_word' id='word_1_256' title='bbox 796 2321 847 2372; x_wconf 80' lang='grc' dir='ltr'><em>ὦς</em></span> <span class='ocrx_word' id='word_1_257' title='bbox 879 2320 1030 2379; x_wconf 82' lang='grc' dir='ltr'><em>τάχεος</em></span> <span class='ocrx_word' id='word_1_258' title='bbox 1062 2319 1144 2379; x_wconf 73' lang='grc' dir='ltr'><em>εἶχε</em></span> <span class='ocrx_word' id='word_1_259' title='bbox 1172 2319 1357 2375; x_wconf 79' lang='grc' dir='ltr'><em>ἕκαστος,</em></span> <span class='ocrx_word' id='word_1_260' title='bbox 1384 2318 1471 2365; x_wconf 80' lang='grc' dir='ltr'><em>δια·</em></span> <span class='ocrx_word' id='word_1_261' title='bbox 1494 2305 1661 2331; x_wconf 79' lang='lat' dir='ltr'><strong>vertantur.</strong></span> 
     </span>
     <span class='ocr_line' id='line_1_30' title="bbox 127 2393 1470 2460; baseline -0.001 -18"><span class='ocrx_word' id='word_1_262' title='bbox 127 2395 390 2453; x_wconf 77' lang='grc' dir='ltr'><em>φυλαξοὺσας</em></span> <span class='ocrx_word' id='word_1_263' title='bbox 424 2394 502 2449; x_wconf 78' lang='grc' dir='ltr'><em>τοὶς</em></span> <span class='ocrx_word' id='word_1_264' title='bbox 536 2395 704 2456; x_wconf 86' lang='grc' dir='ltr'><em>σχεδίας</em></span> <span class='ocrx_word' id='word_1_265' title='bbox 737 2397 979 2459; x_wconf 87' lang='grc' dir='ltr'><em>πορευθῆναι</em></span> <span class='ocrx_word' id='word_1_266' title='bbox 1013 2395 1194 2460; x_wconf 76' lang='grc' dir='ltr'><em>βασιλέϊ.</em></span> <span class='ocrx_word' id='word_1_267' title='bbox 1221 2393 1306 2442; x_wconf 72' lang='grc' dir='ltr'><em>ἐπεὶ</em></span> <span class='ocrx_word' id='word_1_268' title='bbox 1327 2394 1367 2442; x_wconf 79' lang='grc' dir='ltr'><em>δὲ</em></span> <span class='ocrx_word' id='word_1_269' title='bbox 1389 2395 1470 2455; x_wconf 86' lang='grc' dir='ltr'><em>ἀγ·</em></span> 
     </span>
     <span class='ocr_line' id='line_1_31' title="bbox 124 2469 1471 2537; baseline 0 -19"><span class='ocrx_word' id='word_1_270' title='bbox 124 2475 206 2532; x_wconf 86' lang='grc' dir='ltr'><em>χοῦ</em></span> <span class='ocrx_word' id='word_1_271' title='bbox 229 2471 321 2518; x_wconf 77' lang='grc' dir='ltr'><em>ἐ’σαν</em></span> <span class='ocrx_word' id='word_1_272' title='bbox 359 2474 565 2537; x_wconf 86' lang='grc' dir='ltr'><em>Ζωστῆρος</em></span> <span class='ocrx_word' id='word_1_273' title='bbox 588 2473 786 2526; x_wconf 87' lang='grc' dir='ltr'><em>πλώοντες</em></span> <span class='ocrx_word' id='word_1_274' title='bbox 819 2473 860 2519; x_wconf 81' lang='grc' dir='ltr'><em>οἱ</em></span> <span class='ocrx_word' id='word_1_275' title='bbox 876 2471 1091 2537; x_wconf 64' lang='grc' dir='ltr'><em>βάρὲαροι,</em></span> <span class='ocrx_word' id='word_1_276' title='bbox 1119 2472 1364 2520; x_wconf 84' lang='grc' dir='ltr'><em>ἀνατείνουσι</em></span> <span class='ocrx_word' id='word_1_277' title='bbox 1387 2469 1471 2536; x_wconf 78' lang='grc' dir='ltr'><em>γοὶρ</em></span> 
     </span>
     <span class='ocr_line' id='line_1_32' title="bbox 43 2548 1466 2614; baseline 0 -18"><span class='ocrx_word' id='word_1_278' title='bbox 43 2556 104 2596; x_wconf 89' lang='grc'><em>10</em></span> <span class='ocrx_word' id='word_1_279' title='bbox 125 2548 251 2613; x_wconf 79' lang='grc' dir='ltr'><em>οἵκραι</em></span> <span class='ocrx_word' id='word_1_280' title='bbox 284 2549 439 2597; x_wconf 74' lang='grc' dir='ltr'><em>λεπταὶ</em></span> <span class='ocrx_word' id='word_1_281' title='bbox 471 2554 542 2604; x_wconf 91' lang='grc' dir='ltr'><em>τῆς</em></span> <span class='ocrx_word' id='word_1_282' title='bbox 574 2550 751 2614; x_wconf 78' lang='grc' dir='ltr'><em>ἠπείρου,</em></span> <span class='ocrx_word' id='word_1_283' title='bbox 785 2549 946 2604; x_wconf 82' lang='grc' dir='ltr'><em>ταότας</em></span> <span class='ocrx_word' id='word_1_284' title='bbox 981 2550 1115 2605; x_wconf 75' lang='grc' dir='ltr'><em>ἔδοξάν</em></span> <span class='ocrx_word' id='word_1_285' title='bbox 1147 2568 1192 2597; x_wconf 87' lang='grc' dir='ltr'><em>τε</em></span> <span class='ocrx_word' id='word_1_286' title='bbox 1228 2552 1320 2603; x_wconf 89' lang='grc' dir='ltr'><em>νῆας</em></span> <span class='ocrx_word' id='word_1_287' title='bbox 1356 2548 1466 2605; x_wconf 71' lang='grc' dir='ltr'><em>εἶναι,</em></span> 
     </span>
     <span class='ocr_line' id='line_1_33' title="bbox 127 2625 1464 2691; baseline -0.001 -18"><span class='ocrx_word' id='word_1_288' title='bbox 127 2625 203 2673; x_wconf 74' lang='grc' dir='ltr'><em>καὶ</em></span> <span class='ocrx_word' id='word_1_289' title='bbox 225 2626 390 2687; x_wconf 72' lang='grc' dir='ltr'><em>ἔφευγον</em></span> <span class='ocrx_word' id='word_1_290' title='bbox 413 2626 480 2674; x_wconf 77' lang='grc' dir='ltr'><em>ἐπὶ</em></span> <span class='ocrx_word' id='word_1_291' title='bbox 503 2627 666 2674; x_wconf 88' lang='grc' dir='ltr'><em>πολλόν.</em></span> <span class='ocrx_word' id='word_1_292' title='bbox 689 2627 814 2691; x_wconf 76' lang='grc' dir='ltr'><em>χρόνῳ</em></span> <span class='ocrx_word' id='word_1_293' title='bbox 837 2627 875 2675; x_wconf 82' lang='grc' dir='ltr'><em>δὲ</em></span> <span class='ocrx_word' id='word_1_294' title='bbox 899 2627 1107 2691; x_wconf 86' lang='grc' dir='ltr'><em>μαθόντες</em></span> <span class='ocrx_word' id='word_1_295' title='bbox 1128 2625 1188 2674; x_wconf 80' lang='grc' dir='ltr'><em>ὅτι</em></span> <span class='ocrx_word' id='word_1_296' title='bbox 1212 2627 1258 2673; x_wconf 80' lang='grc' dir='ltr'><em>οὐ</em></span> <span class='ocrx_word' id='word_1_297' title='bbox 1282 2629 1360 2680; x_wconf 86' lang='grc' dir='ltr'><em>νῆες</em></span> <span class='ocrx_word' id='word_1_298' title='bbox 1382 2625 1464 2682; x_wconf 72' lang='grc' dir='ltr'><em>εἷεν,</em></span> 
     </span>
     <span class='ocr_line' id='line_1_34' title="bbox 130 2703 1002 2768; baseline 0.001 -19"><span class='ocrx_word' id='word_1_299' title='bbox 130 2703 226 2750; x_wconf 85' lang='grc' dir='ltr'><em>ἀλλ’</em></span> <span class='ocrx_word' id='word_1_300' title='bbox 254 2703 395 2768; x_wconf 71' lang='grc' dir='ltr'><em>ἄκραι,</em></span> <span class='ocrx_word' id='word_1_301' title='bbox 421 2703 731 2765; x_wconf 83' lang='grc' dir='ltr'><em>συλλεχθέντες,</em></span> <span class='ocrx_word' id='word_1_302' title='bbox 757 2704 1002 2767; x_wconf 76' lang='grc' dir='ltr'><em>ἐκομίζοντο.</em></span> 
     </span>
     <span class='ocr_line' id='line_1_35' title="bbox 194 2778 1467 2844; baseline -0.002 -18"><span class='ocrx_word' id='word_1_303' title='bbox 194 2795 331 2827; x_wconf 85' lang='lat' dir='ltr'><strong>cvm.</strong></span> <span class='ocrx_word' id='word_1_304' title='bbox 400 2782 491 2833; x_wconf 72' lang='grc' dir='ltr'><em>Ὠς</em></span> <span class='ocrx_word' id='word_1_305' title='bbox 537 2779 576 2827; x_wconf 80' lang='grc' dir='ltr'><em>δὲ</em></span> <span class='ocrx_word' id='word_1_306' title='bbox 614 2780 734 2844; x_wconf 77' lang='grc' dir='ltr'><em>ἡμέρη</em></span> <span class='ocrx_word' id='word_1_307' title='bbox 780 2780 944 2841; x_wconf 82' lang='grc' dir='ltr'><em>ἐγένετο,</em></span> <span class='ocrx_word' id='word_1_308' title='bbox 991 2779 1154 2843; x_wconf 81' lang='grc' dir='ltr'><em>ὁρέοντες</em></span> <span class='ocrx_word' id='word_1_309' title='bbox 1197 2780 1238 2826; x_wconf 82' lang='grc' dir='ltr'><em>οἱ</em></span> <span class='ocrx_word' id='word_1_310' title='bbox 1268 2778 1467 2833; x_wconf 71' lang='grc' dir='ltr'><em>’Έλληνες</em></span> 
     </span>
    </p>
   </div>
  </div>
 </body>
</html>
