1836 3156
362 162 451 204 166
535 184 539 188 -
786 155 1265 206 HERODOTI

356 294 386 314 ⁶⁶
409 286 550 350 τροφός
573 285 671 331 ἐστι·
709 285 827 350 ἀρετὴ
850 285 890 333 δὲ
914 286 1095 340 ἐ’πακτός
1117 289 1215 344 ἐστι,
1252 287 1338 335 ἀπό
1361 307 1405 337 τε
1428 289 1565 349 σοφίης
1586 310 1691 338 κατ·
1747 301 1776 338 5

355 370 385 391 “
409 363 630 427 εργασμένη
668 364 744 410 καὶ
777 363 897 427 νόμου
930 366 1110 428 ἰσχυροῦ·
1146 368 1198 429 τῇ
1233 366 1496 431 διαχρεωμένη
1534 369 1557 421 η’
1589 369 1690 414 Ἑλ-

354 446 383 467 “
408 438 499 495 λοὶς,
523 441 591 494 την
614 458 657 487 τε
681 441 807 494 πενιήν
831 441 1096 503 ἀπαμὺνεται
1131 440 1207 488 καὶ
1240 442 1307 496 την
1342 443 1589 497 δεσποσύνην.
1626 445 1689 490 αι’-

354 522 383 543 “
406 515 470 562 νέω
492 515 565 578 μέν
589 535 650 562 νυν
673 517 835 570 πάντας
849 517 1060 571 ’Έλληνας
1082 516 1176 570 τούς
1199 517 1285 581 περὶ
1302 519 1450 572 κείνους
1472 519 1567 572 τούς
1592 520 1688 566 Δω-

352 597 379 618 “
401 591 533 654 ρικοὺς
565 594 716 656 χώρους
741 593 977 656 οἰκημένους·
1011 593 1182 657 ἔρχομαι
1208 593 1247 640 δὲ
1269 594 1385 650 λέξων
1409 597 1454 642 οὐ
1477 595 1565 659 περὶ
1587 596 1689 642 πάν-

352 673 385 695 “
408 688 483 714 των
506 669 646 716 τούσδε
668 668 763 722 τοὺς
784 669 946 730 λόγους,
982 669 1097 716 ἀλλα
1122 669 1208 734 περὶ
1234 671 1565 734 Λακεδαιμονίων
1587 671 1689 734 μοὺ-
1720 679 1779 717 10

353 750 382 772 ‘⁶
405 762 484 790 νων·
510 750 650 808 πρῶτα
673 745 758 808 μὲν,
783 745 842 792 ὅτι
868 747 942 792 οὐκ
966 745 1048 792 ἐ’στι
1073 745 1172 799 ὅκως
1189 745 1283 794 κοτὲ
1307 746 1400 800 σούς
1423 748 1598 802 δέξονται
1621 748 1690 794 λό-

352 826 378 847 “
401 839 500 880 γους
524 821 752 875 δουλοσὺνην
776 821 962 885 φέροντας
984 825 1036 885 τῇ
1069 823 1262 869 Ἑλλάδι·
1296 821 1414 875 αὖτις
1449 822 1502 877 δὲ,
1537 825 1587 876 ὡς
1621 823 1691 869 ἀν-

351 904 378 925 “
401 899 618 944 τιώσονταί
635 917 696 945 τοι
720 899 757 951 ές
778 899 934 962 μάχην,
961 898 1036 945 καὶ
1059 900 1100 953 ἢν
1123 901 1163 945 οἱ
1182 899 1304 945 ἄλλοι
1321 900 1520 953 ’Έλληνες
1542 901 1690 952 πάντες

351 979 380 1002 ⁶⁶
403 973 461 1020 τοὶ
485 973 540 1020 σοὶ
564 975 753 1038 φρονέωσι.
778 976 962 1039 ἀριθμοῦ
986 974 1025 1022 δὲ
1048 975 1147 1039 περὶ,
1172 975 1230 1038 μὴ
1253 976 1371 1038 πύθη
1393 974 1474 1022 ὅσοι
1498 974 1596 1028 τινὲς
1613 976 1688 1022 ἐόν-

352 1056 382 1078 “
405 1070 470 1104 τες
502 1057 643 1099 ταῦτα
678 1053 816 1100 ποιέειν
850 1052 929 1099 οἷοί
955 1053 998 1099 τέ
1033 1054 1119 1099 εἰσι·
1155 1052 1194 1105 ἦν
1228 1072 1271 1099 τε
1307 1051 1388 1116 γὰρ
1422 1053 1576 1113 τὺχωσι
1612 1054 1688 1108 έξε-
1719 1061 1772 1099 15

349 1133 376 1155 ⁶⁶
399 1128 679 1190 στρατευμένοι
718 1129 863 1189 χίλιοι,
907 1124 1017 1174 οὗτοι
1051 1128 1320 1189 μαχησονταί
1338 1147 1414 1183 τοι,
1439 1128 1479 1180 ἤν
1501 1146 1544 1174 τε
1569 1129 1688 1175 ἐλάσ-

349 1210 378 1231 “
401 1223 503 1257 σονες
525 1205 709 1262 τουτέων,
732 1205 772 1257 ἥν
794 1223 837 1251 τε
859 1203 937 1250 καὶ
959 1203 1165 1256 πλεῦνες.”

412 1296 518 1326 c111.
589 1283 746 1327 Ταῦτα
771 1281 954 1333 &nobem
991 1280 1152 1344 Ξέρξης,
1196 1281 1381 1340 γελάσας
1404 1280 1490 1340 ἔφη·
1543 1286 1572 1309 “
1598 1281 1687 1336 Δη-

348 1362 379 1385 “
401 1358 569 1420 μάρητε,
615 1356 688 1403 οἷον
728 1357 936 1421 ἐφθέγξαο
977 1357 1083 1412 ἐ’πος,
1130 1357 1275 1421 ἄνδρας
1313 1358 1472 1418 χιλίους
1515 1361 1688 1422 στρατιῇ

348 1440 375 1462 “
400 1433 541 1498 τοσῇδε
580 1434 881 1496 μαχῇσασθαι·
916 1433 1009 1494 οἵγε,
1057 1434 1140 1480 εἰπέ
1181 1453 1271 1497 μοι,
1317 1436 1362 1481 οὐ
1407 1435 1485 1498 φῂς
1522 1435 1690 1482 τουτέων

347 1516 376 1538 “
399 1515 474 1556 τῶν
497 1511 637 1574 ἀνδρῶν
663 1509 788 1563 αὐτὸς
827 1510 1025 1574 βασιλεῦς
1063 1510 1274 1570 γενέσθαι;
1314 1510 1364 1558 σι)
1403 1510 1452 1557 ὧν
1488 1513 1689 1566 ἐθελῆσεις

346 1594 373 1615 “
397 1587 555 1634 αὐτίκα
585 1587 711 1650 μάλα
744 1585 840 1650 πρὸς
874 1587 1018 1650 ἄνδρας
1054 1586 1153 1633 δέκα
1185 1588 1428 1650 μάχεσθαι;
1461 1588 1542 1634 καί
1563 1607 1624 1634 τοι
1656 1590 1688 1636 εἰ
1744 1594 1774 1634 5

350 1672 378 1694 ⁶⁶
400 1664 447 1712 τό
472 1662 680 1711 πολιτικὸν
705 1663 796 1726 ὑμῖν
820 1665 902 1710 πᾶν
928 1663 1013 1710 ἐστὶ
1045 1668 1222 1710 τοιοῦτον
1247 1664 1321 1711 οἷον
1344 1663 1393 1711 σι)
1418 1664 1606 1728 διαιρέεις,
1644 1666 1686 1712 σέ

350 1748 380 1770 ‘⁶
407 1761 454 1802 γε
478 1741 544 1788 τᾶν
576 1741 704 1788 κείνων
728 1743 917 1804 βασιλῆα
953 1740 1090 1804 πρέπει
1126 1740 1221 1804 πρός
1254 1740 1302 1788 τδ
1337 1741 1542 1795 διπλησιον
1578 1742 1686 1788 ἀντι-

349 1825 375 1847 “
398 1820 630 1866 τάσσεσθαι
664 1816 781 1864 κατοὶ
816 1817 958 1880 νόμους
991 1817 1085 1870 τούς
1119 1817 1342 1881 ὑμετέρους.
1379 1820 1411 1865 εἰ
1444 1816 1526 1882 γάρ
1558 1818 1687 1865 κείνων

351 1902 379 1924 “
402 1895 572 1948 ἕκαστος
612 1895 711 1942 δέκα
746 1894 885 1957 ἀνδρῶν
919 1898 990 1948 τῆς
1030 1898 1218 1958 στρατιῆς
1257 1898 1327 1948 τῆς
1367 1896 1463 1958 ἐμῆς
1503 1894 1691 1950 ἂντάξιός

349 1978 378 1999 “
401 1973 502 2028 ἐστι,
527 1970 569 2018 σε
604 1971 642 2018 δέ
667 1989 715 2031 γε
750 1970 924 2033 δίζημαι
959 1975 1078 2017 εἴκοσι
1113 1971 1208 2017 εἶναι
1243 1971 1440 2026 ἀντάξιον·
1476 1971 1552 2018 καὶ
1585 1971 1688 2019 οὕτω
1718 1980 1776 2018 10

349 2055 375 2075 “
396 2047 468 2110 μὲν
492 2048 637 2111 ὀρθοῖτ’
666 2046 714 2093 ἂν
739 2046 759 2092 ὁ
779 2047 904 2107 λόγος
927 2046 948 2092 ὁ
969 2045 1084 2111 παροὶ
1107 2051 1176 2094 σεῦ
1199 2048 1398 2110 εἰρημένος.
1424 2049 1456 2094 εἰ
1479 2047 1533 2104 δὲ,
1558 2053 1686 2095 τοιοῦ-

349 2130 378 2150 “
401 2124 470 2170 τοί
486 2143 530 2171 τε
554 2123 689 2179 ἐόντες,
732 2123 808 2170 καὶ
845 2124 1046 2186 μεγάθεα
1086 2127 1270 2170 τοσοῦτοι
1307 2124 1382 2177 οἷος
1415 2124 1464 2171 σὺ
1488 2143 1531 2171 τε
1554 2123 1629 2170 καὶ
1652 2124 1691 2171 οἳ

350 2207 378 2229 ‘⁶
402 2201 496 2264 παρ’
526 2199 595 2263 ἐμὲ
619 2204 781 2257 φοιτῶσι
804 2201 1006 2254 Έλληνων
1030 2201 1067 2253 ές
1089 2199 1256 2260 λόγους,
1292 2201 1455 2260 αὐχεῖτε
1479 2204 1681 2256 τοσοῦτον,

349 2283 375 2303 “
398 2275 468 2340 ὅρα
485 2275 544 2338 μὴ
566 2277 700 2338 μάτην
722 2275 885 2337 κόμπος
909 2275 930 2321 ὁ
950 2275 1074 2336 λόγος
1097 2272 1213 2328 οὗτος
1237 2275 1425 2338 εἰρημένος
1448 2280 1513 2329 εἴη.
1563 2274 1686 2322 Ἐπεὶ

348 2362 374 2381 ⁶⁶
398 2353 482 2416 φέρε
504 2353 573 2400 ἴδω
597 2351 721 2399 παντὶ
743 2355 801 2415 τῷ
824 2351 961 2399 οἰκότι.
996 2357 1075 2406 κῶς
1098 2351 1146 2398 ἂν
1170 2352 1361 2398 δυναίατο
1385 2352 1532 2412 χίλιοι,
1566 2353 1588 2405 ἢ
1611 2351 1686 2398 καὶ
1715 2360 1772 2399 15

347 2438 373 2458 “
395 2430 541 2494 μύριοι,
565 2430 587 2483 η’
611 2429 685 2475 καὶ
707 2429 1050 2492 πεντακισμύριοι,
1088 2429 1211 2481 ἐόντες
1234 2447 1281 2488 γε
1306 2428 1502 2492 ἐλεόθεροι
1537 2430 1685 2482 πάντες

347 2512 377 2534 ‘⁶
402 2506 561 2569 ὁμοίως,
585 2505 660 2552 καὶ
681 2505 738 2568 μὴ
763 2505 831 2551 ὑπ’
871 2505 948 2559 ἑνὸς
981 2505 1206 2570 ἀρχόμενοι,
1242 2509 1401 2569 στρατῷ
1435 2505 1582 2567 τοσῷδε
1615 2505 1683 2551 ἀν-

349 2590 376 2609 “
397 2586 600 2635 τιστῆναις
634 2582 725 2628 ἐπεί
741 2601 802 2628 τοι
826 2586 987 2634 πλεῦνες
1011 2581 1098 2645 περὶ
1129 2581 1195 2627 ἕνα
1230 2580 1398 2627 ἕκαστον
1433 2580 1637 2643 γινόμεθα
1660 2581 1684 2634 ἢ

349 2666 376 2686 “
398 2658 542 2718 χίλιοι,
569 2658 700 2705 ἐόντων
722 2659 850 2705 κείνων
874 2659 988 2705 πέντε
1011 2657 1238 2718 χιλιαδέων.
1275 2656 1356 2704 ὑπό
1388 2656 1460 2719 μὲν
1494 2656 1575 2720 γοὶρ
1609 2656 1687 2709 ένδς

352 2741 379 2761 “
403 2734 614 2797 ἀρχόμενοι
647 2733 765 2782 κατὰ
799 2734 942 2798 τρόπον
979 2733 1045 2782 τδν
1080 2734 1275 2797 η’μέτερον,
1313 2733 1485 2794 γενοίατ’
1525 2732 1588 2790 ἂν,
1620 2733 1692 2781 δει-
1718 2740 1781 2779 20
