1836 3156
537 172 687 221 URA
700 170 749 219 N
767 170 791 218 I
807 170 857 218 A
907 170 1050 218 VIII.
1371 176 1463 221 237

55 311 113 351 lo
133 323 202 358 την
237 302 572 367 Τριτανταίχμης
605 302 627 348 0‘
658 300 937 366 Ἀρταὲάνου,
963 300 1101 353 δειλίην
1123 301 1247 359 ὥφλεε
1270 298 1366 364 πρός
1387 303 1471 363 βα-

135 384 279 434 σιλῆος.
311 379 608 442 πυνθανόμενος
642 377 723 442 γοὶρ
745 377 793 425 τδ
815 378 965 425 οἵεθλον
996 376 1054 423 ἐόν
1076 377 1279 436 στέφανον,
1306 375 1401 423 ἀλλ’
1427 378 1471 423 οὐ

135 458 348 520 χρηματα,
387 457 477 502 οὔτε
512 457 694 515 ἠνέσχετο
729 459 860 514 σιγῶν,
894 454 977 501 εἶπέ
1009 472 1051 500 τε
1086 455 1123 506 ἐς
1162 455 1322 506 πάντας
1357 453 1472 500 τάδε·

137 539 164 560 “
189 531 360 587 Παπαὶ,
388 532 602 595 Μαρδόνιε,
638 531 770 584 κοιόυς
804 531 865 576 ἐπ’
894 530 1038 593 ἄνδρας
1060 530 1215 590 ἤγαγες
1237 529 1475 592 μαχεσομέ-

140 615 168 636 “
192 627 276 661 νους
309 608 450 670 ἡμέας,
488 608 527 653 οἳ
557 609 602 654 οὐ
636 607 724 671 περὶ
744 607 959 671 χρημάτων
993 605 1059 652 τᾶν
1091 607 1231 665 ἀγῶνα
1255 610 1474 660 ποιεῦνται,

58 692 112 731 15
138 691 164 713 “
187 683 303 731 ἀλλοὶ
327 684 413 749 περὶ
431 683 608 747 ἀρετῆς·”
686 683 832 745 Τούτῳ
855 682 925 745 μὲν
950 682 995 736 δὴ
1018 687 1159 728 ταῦτα
1184 687 1319 744 εἴρητο.

205 776 359 807 XXVII.
414 759 486 807 Ἐν
532 760 571 807 δὲ
610 763 667 822 τῷ
707 759 774 806 διοὶ
813 759 937 821 μέσου
978 758 1114 822 χρόνῳ,
1153 758 1243 805 ἐπεί
1271 777 1312 805 τε
1352 757 1400 804 τὰ
1440 759 1473 804 ἐν
1503 770 1641 802 Thessali

140 837 432 900 Θερμοπύλῃσι
468 842 610 900 τρῶμα
649 835 835 896 ἐγεγόνεε,
867 834 1023 881 αὐτίκα
1054 833 1264 882 Θεσσαλοὶ
1287 834 1473 896 πέμπου-
1500 815 1699 896 535ξῖῗέζῇ

1462 911 1474 927 x
1501 899 1704 940 magisetiam

1462 931 1476 958 ξ
1502 944 1541 972 ob
1557 941 1677 972 cladem

190 995 211 1005 ts·
245 990 255 1004 C
327 991 340 1006 Ι
510 991 522 1007 Ι
749 988 759 1006 ἱ
829 988 840 1005 Χ
918 990 930 1005 Ι
1093 989 1102 1004 3
1272 988 1284 1002 Ι
1442 987 1454 1004 Χ
1657 1000 1670 1006 -

137 1009 210 1037 του
235 1009 415 1037 υστατου
449 1009 662 1053 τρωματος
685 1009 757 1036 και
792 1008 838 1037 το
874 1008 1024 1052 καρτα.
1112 987 1366 1041 Εσζαλοντες
1398 1008 1478 1052 γαρ
1503 993 1682 1067 ξέἔὲζῃθξῃ-

84 1076 113 1113 5
138 1068 393 1130 πανστρατιῇ
418 1066 542 1112 αὐτοί
560 1084 602 1112 τε
628 1067 668 1112 οἱ
699 1064 909 1112 Θεσσαλοὶ
931 1065 1007 1112 καὶ
1030 1067 1069 1111 οἱ
1087 1065 1307 1128 σύμμαχοι
1331 1065 1479 1111 αὐτέων
1503 1070 1581 1107 festi,

234 915 247 930 l
381 915 390 929 2
550 913 562 929 Ι
666 913 684 929 ‘l
849 914 858 926 ⁹
885 912 896 927 Ι
1097 914 1105 927 ’
1127 911 1138 929 Χ
1207 912 1219 927 Ι
1337 912 1346 925 ²
1403 910 1413 927 X

137 933 175 960 σι
197 934 355 977 κηρυκα
379 933 415 966 ες
441 915 630 968 Φωκεας,
654 931 729 959 ατε
753 925 822 971 σφι
847 931 1038 972 ενεχοντες
1060 931 1135 958 αιει
1167 920 1303 972 χολον,
1328 930 1412 957 απο
1438 911 1458 957 δ

139 1144 177 1197 ἐς
199 1142 294 1196 τοῦς
317 1142 507 1198 Φωκέας,
533 1141 578 1189 οὐ
604 1147 788 1188 πολλοῖσι
807 1142 907 1188 ἐ’τεσι
927 1141 1106 1206 πρότερον
1129 1142 1282 1196 ταύτης
1305 1145 1375 1195 τῆς
1397 1144 1481 1205 βα-

140 1223 274 1274 σιλῆος
295 1219 604 1283 στρατηλασίης,
630 1219 862 1272 ἑσσώθησαν
893 1218 974 1265 ὑπὸ
1003 1223 1077 1265 τῶν
1103 1219 1289 1275 Φωκέων,
1313 1218 1389 1265 καὶ
1411 1237 1481 1265 πε-

143 1297 362 1361 ριέφθησαν
397 1296 582 1360 τρηχέως.
609 1297 700 1343 ἐπεί
716 1315 758 1342 τε
784 1295 864 1359 γοὶρ
886 1297 1192 1350 κατειληθησαν
1216 1297 1253 1349 ἐς
1275 1295 1340 1343 τόν
1366 1298 1482 1358 Παρ-

142 1374 274 1427 νησσδν
302 1375 342 1419 οἱ
361 1373 537 1428 Φωκέες,
573 1372 728 1432 ἔχοντες
750 1373 893 1434 μάντιν
929 1373 1102 1426 Τελλίην
1125 1371 1190 1418 τόν
1223 1373 1403 1428 Ἠλεῖον,
1430 1373 1482 1419 ἐν-

59 1458 119 1497 10
141 1452 291 1497 θαῦτα
316 1449 337 1495 ὁ
371 1449 547 1503 Τελλίης
569 1446 685 1502 οὗτος
707 1449 922 1512 σοφίζεται
958 1448 1114 1496 αὐτοῖσι
1148 1449 1306 1495 τοιόνδε.
1334 1449 1483 1509 γυψώ-

143 1545 219 1579 σας
253 1526 397 1590 οἵνδρας
432 1525 661 1580 ἑξακοσίους
695 1530 768 1572 τῶν
793 1526 967 1572 Φωκέων
989 1525 1083 1578 τούς
1109 1526 1307 1589 ἀρίστους,
1334 1524 1484 1578 αὐτοῦς

144 1621 187 1649 τε
211 1602 378 1654 τούτους
411 1600 486 1647 καὶ
509 1600 566 1648 τοὶ
601 1600 715 1647 ὅπλα
750 1601 913 1657 αὐτέων,
950 1600 1090 1653 νυκτός
1124 1602 1359 1655 ἐπεθήκατο
1383 1606 1483 1647 τοῖσι

143 1681 406 1725 Θεσσαλοῖσι·
443 1678 638 1741 προείπας
673 1679 846 1733 αὐτοῖσι,
881 1676 946 1724 τὸν
983 1678 1032 1724 οἲν
1064 1677 1122 1740 μὴ
1157 1678 1484 1740 λευκανθίζοντα

145 1755 323 1812 ἰ’δωνται,
361 1759 502 1802 τοῦτον
541 1755 713 1802 κτείνειν.
755 1754 923 1808 τούτους
957 1754 1004 1800 ὦν
1028 1755 1079 1800 αἵ
1103 1773 1145 1801 τε
1183 1753 1373 1813 φυλακαὶ
1411 1759 1485 1800 τῶν

65 1841 121 1880 15
149 1834 371 1879 Θεσσαλῶν
407 1836 562 1896 πρῶται
603 1832 759 1878 ἰδοῦσαι
801 1830 1070 1891 ἐφοέηθησαν,
1109 1831 1276 1886 δόξασαι
1315 1831 1421 1876 ἄλλο
1444 1850 1484 1877 τι

147 1910 241 1956 εἶναι
264 1909 394 1972 τέρας,
431 1909 504 1955 καὶ
527 1907 637 1971 μετὰ
661 1907 739 1961 τοὶς
761 1907 956 1967 φυλακὰς
980 1907 1086 1962 αὐτη
1117 1909 1139 1961 ἦ
1163 1907 1343 1971 στρατιὴ,
1368 1907 1483 1962 οὕτω,

145 1985 245 2032 ὥστε
268 1986 598 2049 τετρακισχιλίων
621 1989 821 2049 κρατῆσαι
847 1989 977 2048 νεκρῶν
992 1984 1067 2031 καὶ
1089 1984 1269 2031 ἀσπίδων
1293 1983 1484 2035 Φωκέας·

145 2067 220 2109 τῶν
243 2061 320 2115 τοὶς
350 2062 420 2125 μὲν
448 2062 616 2124 ἡμισέας
651 2063 688 2115 ἐς
720 2060 868 2114 ”Αζας
896 2061 1104 2116 ἀνέθεσαν,
1136 2059 1214 2113 τοὶς
1248 2059 1288 2106 δὲ
1312 2061 1348 2113 ἐς
1374 2060 1486 2106 Δελ-

149 2139 260 2198 φούς·
293 2141 316 2193 ἡ
349 2139 387 2186 δὲ
421 2139 569 2193 δεκάτη
605 2139 754 2199 ἐγένετο
786 2144 861 2186 τῶν
888 2139 1105 2202 χρημάτων
1146 2139 1191 2184 ἐκ
1229 2137 1382 2191 ταύτης
1418 2140 1488 2190 τῆς

62 2224 126 2264 20
146 2218 300 2279 μάχης,
341 2218 380 2263 οἱ
411 2218 589 2279 μεγάλοι
629 2213 854 2280 α’νδριάντες
892 2218 933 2262 οἱ
963 2215 1049 2279 περὶ
1084 2214 1149 2262 τὸν
1188 2214 1360 2278 τρίποδα
1400 2231 1487 2259 συν-

148 2296 350 2351 εστεῶτες,
377 2294 584 2357 ἔμπροσθε
619 2298 692 2339 τοῦ
727 2297 815 2348 νηοῦ
848 2297 922 2340 τοῦ
956 2294 990 2340 ἐν
1026 2292 1237 2351 Δελφοῖσι,
1271 2290 1346 2337 καὶ
1370 2289 1486 2353 ἕτεροι

147 2375 319 2417 τοιοῦτοι
343 2372 377 2417 ἐν
395 2370 553 2434 ”Αέ;ησι
579 2371 823 2417 ἀνακέαται.

217 2462 393 2493 XXVIII.
453 2449 611 2493 Ταῦτα
656 2447 727 2509 μέν
773 2465 833 2492 νυν
872 2445 938 2493 τδν
978 2444 1100 2508 τσεζὸν
1147 2443 1370 2509 ἐργάσαντο
1414 2448 1488 2489 τῶν

155 2526 377 2571 Θεσσαλων
419 2526 460 2571 οἱ
494 2525 672 2579 Φωκέες,
720 2523 1024 2587 πολιορκέοντας
1069 2522 1251 2574 ἑωυτούς
1292 2518 1489 2567 ἐσὲαλοῦ-

153 2618 228 2647 σαν
262 2600 302 2646 δέ
330 2602 366 2653 ἐς
400 2600 467 2653 τὴν
500 2602 624 2664 χώρην
664 2601 786 2646 ἵππον
827 2600 988 2655 αὐτέων,
1037 2597 1283 2661 ἐλυμῇναντο
1328 2596 1488 2650 ἀνηκέσ-

154 2694 245 2729 τως·
271 2678 306 2723 ἐν
340 2675 421 2740 γοὶρ
448 2680 498 2740 τῇ
533 2676 678 2739 ἐσξολῇ
700 2677 723 2730 7‘7‘
756 2678 838 2723 ἐστι
870 2674 987 2722 κατοὶ
1013 2676 1277 2738 “Υάμπολιν,
1301 2675 1335 2721 ἐν
1358 2673 1490 2737 ταύτη

100 2761 129 2799 5
153 2754 300 2816 τάφρον
343 2754 528 2815 μεγάλην
575 2752 790 2817 ὀρύξαντες,
837 2752 1044 2816 ἀμφορέας
1087 2750 1235 2804 κεινοῦς
1279 2752 1315 2803 ἐς
1369 2749 1491 2802 αὐτην
