1836 3156
661 113 887 147 INDEX.
1461 117 1482 148 7

121 201 203 232 citur
223 210 336 242 aquam
359 206 391 231 et
411 198 534 236 terram,
556 210 583 230 v.
603 203 652 232 17.
679 201 764 240 Hip-

120 245 182 285 piae
211 244 323 279 fautor,
353 253 381 273 ν.
411 247 460 274 94.
504 244 572 284 ejus
599 243 765 283 prudentia

122 288 203 317 circa
217 287 326 317 Persas
340 286 472 317 nuncios
485 285 655 316 insolenter
665 297 698 316 se
709 297 763 327 ge-

121 335 232 363 rentes.
250 340 278 359 v.
295 333 342 358 18.
357 333 403 359 19.
420 328 589 358 Alexandri
605 334 700 368 pater,
713 329 764 359 vii.

126 375 196 404 175.
210 371 272 402 viii.
292 375 359 401 156.
377 375 446 403 159.
460 377 497 402 ut
511 378 542 402 et
556 372 692 412 Gygaeae,
705 371 766 403 viii.

125 419 194 446 156.
213 414 334 445 Alcetae
347 414 438 450 filius,
456 414 517 444 viii.
534 417 605 445 159.

82 458 240 497 Amyntas
257 457 392 487 Bubaris
406 456 449 487 fil.
464 457 524 486 viii.
543 460 613 488 156.

84 499 229 540 Amyrgii
247 500 378 539 Scythae,
406 500 458 531 vii.
475 503 524 530 64.

81 544 263 582 Amyrtaeus
278 552 331 571 rex
349 542 479 582 AEgypt.
494 542 524 572 ii.
544 544 609 572 140.
625 541 768 582 pluribus

123 585 214 615 malis
229 585 340 614 Pers-as
355 586 465 620 affecit,
489 585 530 614 iii.
551 588 597 615 15.

82 628 265 668 Amytheon
284 627 493 667 Melampodis
507 634 600 667 pater.
619 627 648 656 ii.
664 631 714 659 49.

82 670 272 702 Anacharsis
283 670 412 709 sapiens,
429 670 468 699 iv.
480 674 530 701 46.
545 671 611 710 ejus
622 680 722 710 genus
737 675 768 700 et

124 713 259 753 dignitas
283 713 368 752 apud
390 723 480 753 reges
508 713 701 752 Scytharum,
729 712 768 742 iv.

125 760 176 788 76.
199 755 396 796 pervigilium
421 755 518 785 Matri
540 755 671 785 deorum
692 755 766 796 agit.

125 798 197 829 ibid.
213 799 281 839 ejus
296 798 335 828 de
349 798 467 829 Graecis
482 804 512 828 et
525 798 773 829 Lacedaemoniis

125 841 254 876 dictum,
279 841 318 871 iv.
336 845 384 873 77.
409 841 476 881 ejus
491 841 597 874 caedes,
623 847 654 871 et
669 851 772 870 causae

124 884 228 924 hujus,
254 884 293 913 iv.
309 888 361 916 76.
383 894 457 915 eum
471 884 591 914 novisse
608 894 639 913 se
655 889 772 924 negant

126 927 257 967 Scythae,
278 927 352 956 ibid.

84 969 254 1000 Anacreon
268 970 365 1000 Teius
376 969 535 1000 familiaris
547 968 711 1009 Polycrati,
728 968 770 998 iii.

83 1054 256 1091 Anactorii,
279 1054 320 1084 ix.
336 1058 386 1084 28.

86 1098 244 1137 Anaphes,
264 1097 376 1127 Otauis
391 1096 482 1132 filius,
503 1098 569 1127 dux
601 1096 773 1128 Cissiorum

127 1141 160 1170 in
179 1140 296 1170 Xerxis
312 1140 458 1175 exercitu,
475 1140 526 1170 vii.
541 1144 591 1170 62.

84 1183 301 1223 Anaphlystus
315 1183 453 1223 populus
470 1183 592 1219 Atticae,
610 1182 648 1213 iv.
665 1187 716 1215 99.

87 1227 203 1257 Anaua
220 1226 365 1266 Phrygiae
380 1227 461 1260 urbs,
473 1225 524 1256 vii.
537 1230 590 1256 50.

88 1269 280 1299 Anaxander
295 1269 477 1309 Eurycratis
492 1268 534 1300 fil.
549 1269 599 1299 vii.
615 1272 687 1299 904.

86 1312 333 1348 Anaxandrides,
365 1311 497 1342 Leontis
528 1311 619 1347 filius,
654 1313 772 1350 Spartae

71 1386 74 1389 Δ
126 1365 188 1389 rex,
216 1355 236 1384 i.
262 1360 312 1386 67.
333 1366 361 1385 v.
384 1359 434 1387 59.
458 1355 497 1385 vi.
519 1359 589 1385 204.
611 1355 678 1394 ejus
700 1354 772 1384 duae

127 1408 252 1434 uxores,
262 1398 358 1428 altera
371 1398 462 1438 jussu
476 1398 678 1437 Ephororum
694 1397 772 1427 duc-

129 1446 170 1477 ta,
194 1448 225 1470 et
247 1440 336 1470 liberi
351 1451 388 1471 ex
403 1441 448 1476 iis,
473 1451 502 1471 v.
515 1445 566 1472 59.
582 1445 631 1471 40.
656 1445 706 1470 41.
721 1444 772 1469 42.

125 1489 260 1524 quatuor
274 1483 341 1521 filii,
364 1484 414 1514 vii.
438 1486 510 1515 205.
534 1482 774 1514 Anaxandn'des

127 1527 323 1565 Theopompi
338 1526 430 1563 filius,
454 1527 516 1556 viii.
534 1530 603 1557 151.

88 1568 263 1599 Anaxilaus
281 1570 464 1600 Archidami
479 1569 569 1605 filius,
587 1569 648 1599 viii.
667 1572 736 1599 151.

88 1612 264 1650 Anaxilaus
289 1613 427 1643 Cretinei
443 1612 484 1642 fil.
499 1613 550 1642 vii.
569 1617 637 1643 165.
658 1613 691 1641 in
706 1621 773 1641 ma-

127 1655 311 1685 trimonium
333 1655 424 1685 duxit
447 1655 557 1685 Terilli
571 1655 677 1690 filiam,
699 1654 774 1684 ibid.

103 1728 106 1731 ,
131 1697 247 1737 Rhegii
260 1704 420 1737 tyrannus,
432 1698 473 1728 vi.
488 1702 537 1728 25.
548 1699 598 1728 vii.
614 1702 682 1728 167.
699 1698 774 1737 Sey-

126 1741 190 1770 thae
204 1741 286 1780 regis
300 1741 404 1776 hostis,
421 1741 587 1772 consilium
597 1741 651 1771 dat
663 1740 775 1771 Samiis

130 1783 281 1813 Zanclam
295 1784 478 1823 occupandi,
494 1784 534 1813 vi.
550 1788 600 1814 25.

89 1825 318 1862 Anchimolius‚
345 1827 467 1857 Asteris
481 1826 574 1862 filius,
598 1826 637 1856 ad
652 1825 773 1865 pellen-

129 1869 186 1899 dos
200 1869 409 1899 Pisistratidas
423 1870 533 1908 Sparta
546 1869 667 1903 missus,
679 1880 706 1898 v.
723 1873 774 1899 65.

130 1912 198 1952 ejus
222 1912 375 1950 interitus,
398 1912 472 1942 ibid.
497 1913 564 1953 ejus
585 1911 773 1951 sepulcrum,

129 1954 203 1985 ibid.

91 1997 290 2028 Ancillamm
297 2008 376 2037 opus
387 1997 562 2029 maximum
573 1998 654 2028 circa
664 1998 775 2038 Alyat-

131 2040 171 2070 tis
186 2040 372 2080 sepulcrum,
391 2041 410 2072 i.
429 2044 478 2072 95.

91 2082 219 2114 Ancora
233 2083 331 2114 ferrea
344 2095 363 2114 a
387 2085 533 2124 Sophane
551 2084 664 2125 gestari
685 2082 777 2114 solita

131 2126 163 2156 in
179 2127 299 2166 proelio,
316 2127 358 2157 ix.
372 2130 422 2158 75.

90 2167 266 2200 Andericca
278 2170 415 2211 regionis
429 2170 546 2206 Cissiae,
562 2170 603 2200 vi.
620 2174 689 2202 119.

91 2211 205 2242 Andrii
226 2214 374 2252 pecunias
398 2213 602 2244 Themistocli
623 2213 697 2243 dare
718 2223 773 2243 ne-

131 2261 216 2296 gant,
234 2257 295 2286 viii.
311 2260 381 2286 111.

91 2298 298 2329 Androbulus
314 2298 457 2330 Timonis
471 2305 566 2338 pater,
582 2298 632 2329 vii.
650 2302 718 2329 141.

90 2341 294 2372 Androcratis
307 2342 409 2372 herois
422 2342 541 2379 fanum,
558 2342 600 2372 ix.
616 2346 666 2373 25.

91 2383 296 2414 Andromeda
312 2385 419 2415 Persei
433 2395 520 2420 uxor,
543 2385 671 2415 Persem
685 2395 723 2415 ex
739 2395 776 2415 eo

129 2428 257 2466 peperit,
280 2427 330 2458 vii.
352 2431 402 2459 61.
428 2428 546 2468 Cephei
561 2427 632 2463 filia,
655 2428 729 2458 ibid.
745 2434 776 2457 et

92 2512 313 2543 Androdamas
337 2514 569 2545 Theomestoris
589 2519 685 2553 pater,
710 2513 772 2544 viii.

135 2559 185 2586 85.
200 2556 240 2585 ix.
257 2560 308 2587 90.

92 2597 308 2639 Androphagi,
333 2598 373 2629 iv.
400 2602 448 2630 18.
475 2603 544 2630 102.
572 2604 641 2631 106.
663 2609 772 2630 eorum

131 2651 234 2672 mores
259 2648 290 2672 et
313 2641 487 2682 descriptio,
511 2642 550 2673 iv.
577 2647 646 2674 106.
667 2653 777 2673 eorum

131 2684 218 2725 fuga,
232 2684 274 2714 iv.
291 2689 360 2716 125.

94 2726 359 2768 Androsphinges,
374 2727 406 2758 ii.
425 2730 493 2759 175.

93 2770 232 2806 Andrus,
255 2781 283 2801 v.
303 2775 355 2801 51.
376 2781 395 2801 a
417 2770 536 2802 Graecis
558 2771 688 2807 obsessa,
712 2780 776 2806 cur,

131 2813 194 2842 viii.
212 2816 281 2844 111.

90 2855 222 2885 Andrus
237 2857 381 2896 Myronis
395 2863 490 2896 pater,
507 2857 545 2887 vi.
557 2860 628 2888 126.

92 2899 258 2928 Aneristus
275 2899 425 2940 Sperthiei
436 2906 530 2940 pater,
547 2899 599 2930 vii.
617 2902 684 2931 154.

808 199 975 231 Aneristus
989 198 1075 234 alius,
1091 199 1240 239 Sperthiae
1250 199 1342 237 filius,
1352 199 1404 231 vii.
1422 204 1492 233 157.

810 243 993 283 Αῐιὲειτῆΐοῐι
1006 243 1110 272 Persae
1121 243 1196 283 quid
1207 243 1350 282 apellent,
1364 244 1426 275 viii.
1443 248 1494 277 98.

810 286 944 325 Angites
972 285 1102 323 flumen,
1115 286 1166 316 vii.
1184 289 1253 316 115.

810 328 940 368 Angrus
954 327 984 358 fl.
999 327 1039 358 iv.
1054 332 1105 359 49.

810 370 938 411 Anguis
959 371 1071 410 ingens
1096 370 1172 401 arcis
1195 375 1297 401 custos
1315 370 1349 400 in
1374 371 1493 411 templo

851 415 890 443 ab
908 413 1153 444 Atheniensibus
1167 414 1353 449 observatus,
1369 414 1431 445 viii.
1445 418 1497 446 41.

811 455 966 495 Anguilla
981 466 1066 486 sacra
1083 456 1249 496 AEgyptiis‚
1272 456 1303 486 ii.
1320 459 1371 487 72.

813 498 974 529 Animalia
988 510 1058 539 quae
1072 500 1111 529 ab
1131 499 1311 529 hominibus
1325 499 1496 530 comeduu-

852 548 913 577 tur,
937 542 1050 572 feracia
1073 548 1105 572 et
1131 541 1270 572 fetuosa:
1304 552 1376 582 quae
1405 543 1500 573 noxia.

852 590 933 620 sunt,
950 594 1062 623 parum
1080 584 1211 619 fetuosa,
1230 584 1273 613 iii.
1291 588 1359 616 107.
1376 586 1496 615 anima-

852 626 895 656 lia
922 627 956 656 in
985 627 1065 657 saxis
1092 627 1184 665 primi
1214 626 1409 665 sculpserunt
1436 629 1496 658 AE-

853 669 961 710 gyptii,
989 670 1020 699 ii.
1051 673 1081 699 4.
1110 668 1258 699 animalia
1282 670 1441 710 quomodo
1465 670 1499 700 in

853 714 917 742 suis
931 712 1067 742 vestibus
1088 712 1220 752 pingant
1240 712 1294 752 qui
1320 713 1499 743 Caucasum

851 754 1005 792 incolunt,
1031 755 1051 784 i.
1072 759 1143 803 295.
1164 753 1281 784 animal
1302 754 1429 785 nullum
1450 755 1499 785 in-

856 797 1008 827 terimunt
1032 797 1106 827 Indi
1120 797 1256 837 quidam,
1280 797 1323 827 iii.
1340 801 1410 828 100.
1431 798 1500 828 ani—

856 839 961 877 malia,
976 846 1040 870 tam
1055 840 1199 870 vulneres
1213 850 1308 880 quam
1323 840 1501 881 quadrupe-

856 882 918 918 des,
942 883 976 912 in
999 882 1091 912 India
1113 882 1231 922 majora
1252 893 1347 923 quam
1374 883 1442 914 aliis
1467 884 1502 914 in

856 925 940 961 locis,
957 925 999 955 iii.
1017 929 1085 956 106.
1099 931 1210 964 praeter
1224 935 1328 965 equos,
1344 925 1418 956 ibid.

816 967 965 998 Animam
978 968 1114 998 hominis
1124 967 1332 998 immortalem
1344 975 1375 998 et
1386 969 1425 999 de
1435 979 1502 999 cor.

854 1021 931 1052 pore
952 1012 986 1040 in
1009 1021 1121 1050 corpus
1141 1010 1276 1051 migrare
1299 1011 1393 1049 primi
1414 1011 1501 1041 dixe-

855 1060 930 1084 runt
947 1053 1098 1094 AEgyptii‚
1121 1053 1151 1083 ii.
1169 1057 1239 1084 125.
1260 1054 1345 1094 quod
1360 1054 1416 1083 sibi
1432 1054 1502 1094 qui-

858 1096 932 1126 dam
950 1097 1135 1126 Graecorum
1148 1096 1354 1132 vindicarunt,
1370 1096 1445 1127 ibid.

819 1139 957 1169 Animus
979 1139 1145 1169 hominum
1168 1139 1286 1170 habitat
1308 1140 1342 1168 in
1365 1140 1501 1177 auribus,

856 1182 907 1212 vii.
921 1186 973 1213 559.

817 1225 946 1261 Annon,
963 1236 990 1255 v.
1007 1225 1159 1260 Hannon,
1176 1224 1227 1255 vii.
1240 1229 1292 1257 59.

818 1269 952 1299 Annum
965 1268 1059 1307 primi
1076 1268 1220 1308 AEgyptii
1239 1275 1458 1307 compererunt
1473 1275 1505 1298 et

856 1311 1065 1341 distinxerunt
1091 1311 1124 1340 in
1153 1321 1282 1346 menses,
1307 1311 1351 1341 iii.
1377 1316 1406 1341 4.
1428 1311 1504 1341 anni

856 1355 1003 1384 humanae
1029 1353 1100 1384 vitae
1126 1364 1196 1383 Lxx.
1222 1355 1242 1383 i.
1264 1357 1315 1384 52.
1336 1354 1412 1384 anni
1434 1355 1504 1384 vitae

858 1397 1055 1436 AEthiopum,
1073 1402 1104 1427 et
1122 1397 1299 1434 Persarum,
1322 1397 1364 1426 iii.
1380 1401 1429 1427 22.
1452 1401 1503 1428 25.

857 1450 1013 1470 annorum
1043 1451 1093 1470 xv.
1120 1439 1219 1469 millia
1248 1450 1266 1469 a
1296 1440 1439 1480 Dionyso
1465 1440 1505 1470 ad

861 1482 996 1513 Amasin
1017 1493 1124 1524 regem
1148 1488 1317 1513 numerant
1349 1483 1502 1523 AEgyptii,

852 1525 883 1555 ii.
901 1529 971 1557 145.

818 1568 987 1599 Annulum
1001 1568 1207 1609 signatorium
1227 1574 1351 1609 gestant
1368 1568 1505 1609 Babylo.

857 1611 903 1640 nii
917 1611 1048 1651 singuli,
1065 1611 1084 1641 i.
1101 1615 1171 1643 195.

819 1654 971 1684 Annulus
988 1654 1161 1694 Polycratis
1183 1654 1371 1695 signatorius
1384 1653 1428 1683 iii.
1450 1657 1502 1685 41.

819 1697 959 1727 Anomia
983 1696 1082 1727 facilis
1103 1697 1186 1728 inter
1206 1705 1316 1739 gentes
1339 1697 1460 1734 liberas,
1483 1697 1506 1728 i.

819 1785 970 1822 Anopaea‚
983 1782 1033 1813 via
1047 1789 1078 1813 et
1091 1792 1191 1818 mons,
1203 1782 1254 1813 vii.
1269 1787 1304 1813 21
1313 1787 1343 1814 6.

819 1826 956 1856 Anseres
970 1826 1157 1856 occiduntur
1170 1826 1204 1856 in
1217 1827 1367 1867 AEgypto,
1383 1825 1416 1855 ii.
1434 1830 1485 1860 45.

819 1869 970 1902 Antacaei,
994 1875 1060 1898 cete
1073 1869 1214 1909 ingentia
1227 1869 1271 1899 sic
1285 1869 1376 1905 dicta,
1393 1868 1433 1898 iv.
1456 1874 1506 1903 55.

820 1912 998 1951 Antagoras
1014 1911 1218 1951 Hegetoridae
1232 1917 1328 1951 pater,
1343 1912 1385 1941 ix.
1400 1914 1452 1944 76.

820 1954 1005 1986 Antandrus
1019 1955 1058 1984 ab
1075 1955 1180 1985 Otane
1195 1960 1293 1994 capta,
1313 1965 1341 1985 v.
1357 1958 1408 1985 26.

821 1997 1006 2028 Antandrus
1022 1997 1170 2038 Pelasgis,
1191 1998 1242 2028 vii.
1257 2002 1308 2028 42.

820 2041 960 2070 Anthela
985 2040 1137 2080 oppidum
1159 2046 1215 2071 aut
1239 2040 1335 2077 vicus,
1359 2039 1410 2071 vii.
1436 2041 1506 2071 176.

820 2126 1002 2156 Anthemus
1017 2126 1148 2166 Hippiae
1162 2125 1273 2160 oblata,
1290 2137 1318 2156 v.
1335 2129 1386 2158 94.

818 2170 1005 2200 Antichares
1021 2169 1182 2205 Eleonius,
1198 2180 1226 2199 v.
1240 2173 1291 2199 45.

817 2213 970 2252 Anticyra
983 2214 1066 2249 urbs,
1082 2212 1132 2242 vii.
1146 2215 1217 2244 198.

820 2255 995 2286 Antidorus
1007 2255 1161 2286 Lemnius
1172 2265 1191 2285 a
1203 2254 1312 2285 Xerxe
1324 2253 1364 2284 ad
1379 2253 1505 2284 Graecos

859 2298 1036 2338 transfugit,
1052 2298 1114 2328 viii.
1130 2301 1180 2328 11.

818 2341 1002 2377 Antiochus,
1022 2341 1181 2372 Tisameni
1195 2345 1291 2380 pater,
1304 2339 1346 2370 ix.
1360 2343 1411 2370 55.

821 2383 994 2423 Antipater,
1009 2384 1105 2423 orgis
1116 2383 1207 2420 filius,
1224 2383 1275 2412 vii.
1293 2386 1363 2414 118.
1374 2380 1505 2413 Xerxia-

860 2437 916 2457 nas
930 2433 968 2457 ut
981 2427 1102 2466 excepit.
1116 2427 1227 2466 copias,
1243 2425 1316 2456 ibid.
1367 2447 1370 2449 Α

820 2468 1039 2509 Antiphemus,
1063 2471 1114 2499 vii.
1134 2473 1202 2500 155.

816 2515 958 2543 Antrum
974 2513 1153 2553 Corycium,
1170 2511 1233 2542 viii.
1246 2515 1299 2543 56.

816 2555 948 2596 Antylla
977 2557 1058 2592 urbs,
1090 2555 1122 2585 ii.
1156 2559 1206 2586 98.
1232 2555 1267 2584 in
1296 2553 1506 2584 calceamenta

857 2599 950 2629 datur
964 2598 1054 2629 uxori
1069 2599 1137 2639 ejus
1151 2597 1206 2640 qui
1220 2597 1254 2627 in
1271 2597 1412 2638 AEgypto
1433 2607 1504 2637 reg-

861 2648 923 2676 nat,
944 2642 1018 2672 ibid.

823 2684 939 2724 Anysis
953 2695 1007 2714 rex
1024 2683 1165 2724 AEgypti‚
1183 2693 1339 2714 successor
1362 2682 1504 2723 AsychiS‚

862 2737 970 2761 caecus,
984 2728 1016 2757 ii.
1034 2731 1101 2758 157.
1116 2727 1246 2767 fugatur
1260 2738 1278 2756 a
1291 2727 1416 2762 Sabaeo,
1433 2725 1506 2755 ibid.

863 2770 918 2800 ubi
940 2770 1063 2800 interim
1085 2769 1211 2800 latuerit
1231 2776 1262 2800 et
1283 2776 1321 2800 ut
1341 2768 1507 2809 imperium

861 2823 957 2843 suum
970 2813 1165 2852 recuperarit,
1181 2813 1213 2842 ii.
1235 2816 1303 2844 140.

824 2856 940 2895 Anysis
954 2857 1036 2891 urbs,
1047 2856 1078 2886 ii.
1097 2859 1165 2886 157.

823 2899 945 2939 Anysia
958 2898 1060 2940 plaga,
1074 2898 1106 2929 ii.
1121 2902 1192 2930 166.
