1836 3156
769 125 998 161 INDEX.

153 212 312 253 Expiandi
327 212 440 243 modus
454 212 537 243 idem
552 212 616 243 fere
630 211 715 252 apud
731 210 839 250 Lydos

190 257 245 297 qui
283 256 367 296 apud
407 256 542 291 Graecos,
573 255 595 285 i.
622 259 674 286 55.
704 253 839 295 expiatio

193 299 320 329 Adrasti
355 298 530 334 fratricidae,
588 297 661 329 ibid.
704 296 838 338 expiat-io

193 341 277 378 Deli,
293 342 313 372 i.
328 345 379 372 64.

477 469 504 500 F

145 556 245 586 Fabas
267 564 324 585 nec
346 561 454 585 serunt
481 554 624 596 AEgyptii
644 564 702 585 nec
724 553 831 591 edunt,

188 598 218 628 ii.
235 602 285 629 57.

145 641 239 671 Fabae
254 641 287 670 in
301 640 520 676 sordfionibus,
544 640 584 671 vi.
601 644 672 672 109.

144 683 185 713 ad
211 684 341 714 Famem
362 684 561 714 marcendam
576 683 653 725 quid
676 683 759 723 Lydi
781 693 833 713 ex-

188 727 399 767 cogitaverint,
417 727 437 757 i.
452 731 502 759 94.
523 727 621 757 fames
635 726 780 756 immanis
802 726 836 756 in

189 770 295 800 castris
323 770 494 810 Cambysis,
526 770 558 800 ii.
585 774 635 800 25.
663 769 761 800 fames
796 769 832 799 in

190 812 306 843 Xerxis
320 813 466 848 exercitu,
489 813 523 843 in
537 812 647 849 reditu,
670 813 734 843 viii.
764 816 832 843 115.

187 855 286 885 fames
301 857 497 886 obsessorum
515 855 603 892 Sesti,
627 856 667 885 ix.
692 859 761 886 118.
784 855 831 885 fa·-

187 897 273 928 milia
286 899 473 940 quadrigam
487 899 579 935 alens,
600 898 639 928 vi.
655 902 707 929 55.

145 940 270 971 Fanum
295 942 384 974 Jovis
409 942 560 978 Thebani,
595 941 613 971 i.
651 945 720 972 182.
747 940 835 973 Jovis

187 984 266 1021 Beli,
294 985 314 1015 i.
340 989 408 1015 181.
437 985 526 1016 Jovis
548 986 607 1015 sub
631 985 705 1025 fago
727 984 834 1014 condi-

186 1034 267 1064 tum,
291 1028 322 1057 ii.
345 1031 394 1058 56.
414 1028 529 1063 Protei,
553 1027 583 1056 ii.
610 1031 678 1058 112.
702 1027 834 1057 Veneris

191 1070 318 1100 Uraniae
333 1070 587 1106 vetustissimum,
608 1070 630 1100 i.
648 1073 716 1102 105.
734 1070 834 1110 Apol-

186 1111 266 1147 IInis,
289 1113 353 1143 viii.
381 1116 449 1144 155.
474 1113 645 1144 Pallenidis
670 1113 832 1149 Minervae,

186 1156 206 1185 i.
229 1160 280 1186 62.
297 1157 397 1191 AEaci,
420 1167 449 1186 v.
464 1160 512 1188 89.
536 1156 675 1197 Phylaci,
698 1157 762 1187 viii.
780 1160 832 1188 59.

189 1198 341 1235 Antenoi,
357 1199 430 1230 ibid.
449 1199 652 1230 Androcratis
665 1200 780 1237 herois,
791 1199 833 1229 ix.

189 1245 240 1273 25.
255 1242 365 1273 fanum
385 1243 534 1273 Graecum
547 1242 722 1273 maximum
737 1249 769 1273 et
781 1253 828 1273 ce-

188 1283 389 1316 leberrimum
405 1286 438 1315 in
457 1286 606 1326 AEgypto,
623 1285 656 1315 ii.
678 1289 745 1316 178.

147 1326 226 1358 Fato
256 1335 372 1359 sortem
401 1328 589 1359 destinatam
619 1327 678 1359 deo
706 1339 833 1369 quoque

184 1370 296 1411 fugere
310 1371 506 1411 impossibile,
529 1371 550 1401 i.
565 1375 614 1403 91.
630 1371 687 1402 fati
701 1372 833 1402 necessi-

185 1419 240 1449 tas,
257 1414 276 1443 i.
293 1419 342 1446 91.
357 1414 399 1444 iii.
414 1418 464 1445 45.
481 1418 530 1445 65.
545 1425 573 1445 v.
589 1418 639 1446 92.

146 1455 211 1486 Fax
230 1457 380 1496 Vulcani,
395 1458 458 1488 viii.
476 1461 526 1489 98.

144 1499 228 1529 Felis
249 1501 461 1531 amantissima
474 1501 617 1536 foetuum,
644 1500 747 1534 ii..66.
776 1500 833 1530 AE-

188 1543 367 1583 gyptiorum
397 1543 478 1574 circa
506 1545 566 1573 hoc
588 1543 704 1574 animal
726 1553 832 1583 super-

189 1586 284 1623 stitio,
316 1586 390 1617 ibid.
425 1586 537 1617 felium
579 1586 760 1625 sepulturae,
804 1586 836 1616 ii.

189 1633 238 1660 67.

146 1671 291 1702 Felicitas
304 1673 443 1702 bumana
464 1672 497 1702 in
512 1672 623 1703 eodem
645 1679 753 1702 tenore
772 1682 837 1702 non

184 1721 308 1754 perstat,
332 1715 352 1745 i.
374 1719 403 1747 5.
418 1715 548 1746 felicitas
573 1715 746 1756 Polycratis
762 1715 834 1745 insi-

187 1758 281 1794 diosa,
300 1758 341 1788 iii.
357 1763 407 1789 40.
423 1767 478 1790 etc.

141 1799 274 1831 Ferrum
289 1801 328 1831 ad
347 1801 518 1841 perniciem
537 1801 713 1838 hominum,
737 1800 758 1831 i.
779 1805 830 1832 68.

141 1843 229 1874 Ferri
246 1845 495 1884 compactionem
511 1844 596 1874 solus
617 1845 764 1876 omnium
779 1854 832 1874 ex-

182 1887 330 1927 cogitavit
348 1887 491 1918 Glaucus
508 1887 615 1923 Chius,
631 1887 652 1917 i.
673 1890 724 1918 25.

141 1929 235 1960 Festa
255 1930 295 1960 ad
316 1930 524 1961 imitationem
544 1930 695 1967 instituta,
720 1929 762 1959 iii.
783 1933 833 1960 48.

141 1972 226 2002 Festi
241 1972 414 2009 celebratio,
432 1974 452 2003 i.
471 1977 540 2006 191.

141 2015 312 2046 Festinatio
326 2017 408 2056 parit
423 2026 548 2052 errores,
565 2016 615 2047 vii.
633 2019 680 2046 10.
698 2017 729 2056 §.
745 2019 772 2046 6.

139 2059 270 2089 Festum
302 2060 537 2100 Cyzicenorum,
569 2058 661 2089 matri
690 2059 829 2093 deorum,

180 2102 221 2132 iv.
244 2106 293 2133 76.
314 2102 432 2133 festum
448 2103 677 2144 J‘Egyptiorum
700 2103 830 2142 abroga-

181 2150 251 2175 tum
265 2155 285 2175 a
302 2146 465 2186 Cambyse,
490 2148 533 2176 iii.
547 2150 596 2178 29.
611 2145 691 2175 festa
708 2145 831 2185 AEgyp-

179 2188 305 2224 tiorum,
330 2189 452 2225 Dianae,
474 2189 573 2222 Isidis,
592 2188 755 2223 Minervae,
775 2188 833 2218 So-

179 2230 227 2266 lis,
259 2232 401 2268 Latonae,
432 2232 556 2267 Martis,
581 2231 613 2261 ii.
638 2235 690 2263 59.
714 2230 832 2261 festum

182 2274 346 2312 MInervae,
374 2275 413 2305 iv.
447 2279 516 2306 180.
542 2275 659 2305 festum
687 2274 831 2313 Dionysi,

181 2317 214 2347 ii.
235 2321 286 2348 48.
307 2318 350 2348 iii.
377 2321 427 2350 97.
444 2319 561 2349 festum
586 2317 798 2356 Theophani&
814 2318 835 2346 i.

182 2363 234 2391 51.
247 2361 364 2391 festum
391 2362 570 2398 Persarum,
591 2360 755 2400 μαγοφόνια
771 2360 835 2390 dic-

182 2409 260 2439 tum,
289 2404 331 2434 iii.
357 2407 407 2437 79.
436 2405 514 2435 festa
545 2403 708 2444 Apaturia,
737 2403 757 2432 i.
785 2407 837 2434 47.

182 2446 254 2477 festi
280 2457 404 2479 nomen.
439 2447 593 2478 Accensio
622 2446 833 2482 lucernarum,

182 2488 213 2518 fi.
229 2494 281 2521 62.

146 2531 232 2562 Fidei
254 2533 366 2563 dandae
388 2533 502 2563 modus
520 2532 605 2573 apud
628 2532 833 2568 Nasamones,

182 2574 223 2606 iv.
243 2579 311 2607 172.
327 2576 403 2607 fides
429 2577 573 2606 Arabum
587 2575 774 2614 firmissima,
795 2575 836 2605 iii.

142 2660 240 2691 Filios
262 2672 375 2702 regum
399 2661 535 2702 benigne
561 2667 695 2692 tractant
720 2662 833 2697 Persae,

183 2704 226 2735 iii.
245 2709 292 2735 15.

143 2747 330 2778 Fibularum
351 2748 385 2778 in
408 2754 492 2778 veste
514 2749 552 2778 ab
566 2747 692 2779 feminis
713 2747 834 2788 pericu-

189 2789 266 2826 lum,
284 2802 312 2820 v.
329 2795 378 2822 87.

150 2833 245 2863 Ficus
259 2844 324 2864 non
338 2835 494 2865 habebant
510 2833 623 2869 Persae,
639 2834 659 2864 i.
677 2837 727 2866 71.

148 2875 314 2908 Finitimos
343 2877 435 2908 Medi
463 2884 496 2908 et
530 2877 636 2908 Persae
672 2877 790 2914 colunt,
818 2876 837 2907 i.

1537 130 1577 159 27

885 211 1029 242 Flamma
1051 221 1068 242 e
1089 218 1215 251 pectore
1243 213 1402 246 simulacri
1431 215 1570 256 effulget,

923 255 962 284 vi.
979 257 1028 284 82.

882 297 1011 327 Fluvios
1042 297 1124 327 inter
1153 298 1260 329 omnia
1288 299 1431 341 religiose
1460 301 1570 332 colunt

918 340 1031 376 Persae,
1049 341 1069 370 i.
1088 345 1155 372 158.
1172 341 1339 373 fluviorum
1359 344 1494 384 Scythiae
1510 354 1567 375 no-

915 383 1009 415 mina.
1035 383 1124 420 Ister,
1150 384 1255 424 Tyres,
1284 386 1438 426 Hypanis,
1465 389 1569 427 Bory-

921 426 1045 461 sthenis¹
1065 426 1257 467 Panticapes
1278 428 1462 470 Hypaeyris,
1489 431 1570 461 Ger-

920 470 1006 506 rhus,
1022 469 1050 499 T
1051 470 1148 507 anais,
1165 472 1202 499 iv.
1220 475 1270 500 47.
1280 471 1449 503 fluviorum
1467 474 1567 504 Thra-

919 512 974 542 ciae
1011 513 1147 549 nomina,
1183 513 1312 550 Tearus,
1339 515 1577 554 Contadesdus„

922 555 1085 595 Agrianes
1109 556 1246 591 Hebrus,
1270 557 1309 586 iv.
1327 563 1375 589 90.
1399 559 1569 589 Thessalia:

920 597 950 627 fl.
964 598 1115 638 praecipui
1128 599 1159 628 hi
1174 599 1320 640 quinque,
1341 601 1473 637 Peneus,
1491 602 1569 641 Api-

920 640 1029 673 danus
1055 642 1257 676 Onochonus,
1284 644 1433 682 Enipeus,
1460 645 1566 675 Pami-

921 694 982 718 sus,
1008 684 1058 714 vii.
1081 689 1131 716 29.
1155 685 1253 714 Penei
1267 693 1372 717 autem
1381 690 1427 729 fit
1453 690 1565 719 mentio

921 733 948 757 et
964 737 1030 766 cap.
1047 730 1187 767 prox-ime
1196 731 1330 767 proeced.
1356 731 1475 761 Araxes
1489 741 1566 772 qua—

917 768 956 798 lis
970 777 1001 799 et
1015 776 1160 810 quantus,
1178 771 1198 800 i.
1217 775 1288 801 202.
1307 772 1441 812 AsopuS,
1459 773 1498 803 ix.
1518 778 1565 805 15.

917 816 969 843 50.
988 813 1153 849 Achelous,
1178 813 1209 844 ii.
1232 818 1281 845 10.
1307 815 1423 850 Axius,
1443 817 1494 846 vii.
1517 821 1567 847 25.

921 856 1020 895 Corys
1041 856 1075 885 in
1102 857 1227 892 Arabia,
1255 857 1295 886 iii.
1321 863 1349 890 9.
1376 858 1501 899 Cinyps,
1528 861 1566 890 iv.

923 901 993 930 175.
1017 899 1146 935 Crathis,
1171 900 1190 929 i.
1215 904 1282 931 145.
1304 901 1424 937 Caicus,
1450 902 1497 932 vii.
1517 907 1567 933 21.

923 941 1148 977 Contadesdus,
1180 942 1219 972 iv.
1258 948 1307 974 90.
1343 944 1508 984 Choaspes,
1539 957 1567 976 v.

921 988 970 1016 49.
994 985 1142 1019 Gerrhus,
1165 985 1204 1016 iv.
1230 990 1275 1017 19.
1302 987 1439 1027 Gyndes,
1464 999 1492 1017 v.
1516 992 1567 1020 52.

922 1027 1033 1068 Halys,
1057 1028 1076 1058 i.
1101 1032 1150 1060 72.
1174 1029 1328 1069 Hypanis,
1352 1030 1391 1060 iv.
1413 1034 1464 1061 47.
1481 1031 1523 1065 Is.
1548 1032 1567 1061 i.

923 1074 993 1103 179.
1019 1071 1128 1106 Melas,
1157 1072 1206 1102 vii.
1228 1076 1277 1103 58.
1299 1073 1417 1108 Phasis,
1440 1073 1471 1104 ii.
1496 1077 1568 1107 103.

918 1113 958 1143 iv.
978 1117 1030 1144 58.
1048 1115 1245 1150 Parthenius,
1269 1116 1299 1145 ii.
1318 1120 1387 1146 104.
1411 1117 1505 1147 Pirus
1519 1118 1567 1147 iu-

918 1166 996 1196 gens
1021 1157 1143 1193 fluvius,
1167 1158 1187 1188 i.
1215 1162 1283 1188 145.
1309 1159 1503 1200 Panticapes,
1528 1161 1567 1192 iv.

919 1203 970 1230 54.
999 1200 1173 1239 Speremus,
1198 1201 1248 1231 vii.
1273 1205 1345 1232 198.
1371 1206 1443 1232 228.
1467 1204 1566 1234 Ther-

918 1242 1044 1280 modon,
1068 1244 1099 1273 ii.
1117 1247 1184 1274 104.
1199 1244 1240 1274 ix.
1257 1248 1306 1275 27.
1331 1244 1442 1285 Tigris,
1459 1247 1479 1276 i.
1498 1250 1566 1279 189.

920 1285 1042 1323 Tanais,
1061 1286 1098 1316 iv.
1115 1291 1165 1318 20.
1182 1288 1289 1327 TyreS,
1306 1287 1344 1317 iv.
1364 1291 1412 1318 11.
1427 1292 1478 1319 51.
1496 1290 1565 1320 Tri-

917 1333 981 1364 ton,
999 1329 1037 1359 iv.
1056 1333 1124 1361 191.

877 1369 979 1401 Fluvii
1004 1382 1139 1412 quomm
1168 1383 1249 1414 aqua
1274 1374 1424 1404 exercitui
1451 1375 1567 1405 Xerxis

919 1413 1073 1452 defecerit,
1098 1415 1149 1445 vii.
1164 1419 1215 1446 42.
1234 1420 1302 1446 108.
1320 1420 1389 1448 196.
1392 1419 1439 1460 fit
1461 1425 1567 1450 autem

918 1460 1031 1488 mentio
1042 1459 1137 1499 hujus
1143 1460 1328 1501 dqfhctionis,
1337 1466 1391 1491 etc.
1401 1464 1451 1490 21.
1461 1467 1488 1491 et
1502 1465 1536 1491 18
1543 1465 1571 1493 7.

877 1500 992 1531 Foedus
1014 1501 1164 1532 affinitate
1179 1503 1345 1539 firmatum,
1369 1503 1390 1532 i.
1405 1506 1455 1534 74.
1470 1503 1566 1534 foede-

919 1543 961 1573 ris
989 1543 1119 1575 ineundi
1148 1545 1227 1575 ratio
1255 1545 1340 1585 apud
1366 1546 1503 1586 Scythas,
1528 1549 1568 1578 iv.

921 1590 972 1618 70.
992 1587 1076 1626 apud
1095 1588 1223 1624 Arabes,
1243 1588 1286 1618 iii.
1308 1592 1336 1618 8.
1351 1589 1453 1620 foedns
1467 1600 1486 1619 a
1503 1590 1566 1621 Ba-

921 1629 1056 1670 byloniis
1077 1641 1151 1661 cum
1182 1632 1288 1662 Croeso
1317 1632 1440 1668 initum,
1471 1633 1490 1663 i.
1517 1637 1567 1664 74.

923 1672 1024 1703 foedus
1045 1674 1141 1704 Croesi
1162 1684 1236 1704 cum
1262 1674 1371 1705 Amasi
1399 1675 1567 1716 AEgyptio-

921 1726 992 1745 rum
1003 1726 1085 1756 rege,
1097 1717 1170 1747 ibid.
1188 1717 1361 1757 Polycratis
1370 1728 1445 1748 cum
1459 1719 1569 1749 Amasi

921 1768 1003 1798 rege,
1026 1760 1068 1789 iii.
1091 1763 1143 1790 59.
1157 1760 1258 1790 foedus
1280 1760 1436 1800 perfidum
1460 1762 1571 1792 Persa-

916 1811 988 1832 rum
1003 1810 1077 1832 cum
1095 1803 1238 1838 Bmcaeis,
1256 1804 1295 1833 iv.
1312 1807 1383 1835 201.

878 1845 1018 1875 Foemina
1041 1852 1137 1876 exuta
1157 1848 1265 1876 tunica
1279 1847 1499 1878 verecundiam
1516 1858 1570 1887 pa-

918 1888 991 1917 riter
1019 1888 1114 1924 exuit,
1143 1888 1163 1918 i.
1190 1893 1219 1918 8.
1243 1889 1379 1919 foeminae
1407 1891 1568 1931 AEgyptiae
1594 1926 1601 1927 ἶ

918 1931 1057 1961 humeris
1071 1931 1218 1971 bajulant,
1231 1932 1288 1961 viri
1302 1933 1455 1971 capitibus
1473 1944 1568 1964 onera

918 1973 1094 2013 imponunt,
1119 1974 1150 2003 ii.
1174 1977 1225 2005 55.
1245 1974 1381 2005 foeminae
1404 1976 1488 2015 apud
1510 1977 1568 2006 AE..

918 2017 1042 2056 gyptios
1078 2017 1291 2057 negociantur,
1329 2018 1403 2050 ibid.
1430 2019 1567 2050 foeminae

921 2060 1081 2090 Zauecum
1104 2070 1214 2090 currus
1237 2060 1421 2102 aurigantur
1442 2061 1475 2091 in
1501 2063 1566 2092 bel-

918 2102 994 2138 lum,
1018 2103 1060 2133 iv.
1077 2106 1145 2133 195.
1160 2103 1302 2133 foeminas
1322 2104 1567 2135 Atheniensium

917 2156 935 2175 a
954 2146 1116 2176 Braurone
1138 2145 1266 2184 praedati
1283 2146 1416 2188 Pelasgi,
1441 2148 1480 2177 iv.
1501 2151 1571 2180 145.

917 2188 955 2218 vi.
973 2193 1044 2219 158.
1056 2188 1191 2218 foeminae
1214 2199 1251 2218 ex
1267 2190 1343 2219 Asia
1363 2196 1468 2230 raptae,
1487 2191 1504 2219 i.
1520 2195 1569 2222 25.

918 2235 946 2261 4.
970 2232 1169 2261 foeminarum
1198 2232 1395 2262 Barcaearum
1419 2233 1568 2263 mamillae

920 2274 1000 2304 circa
1015 2285 1122 2304 muros
1133 2285 1285 2313 appensae,
1299 2285 1327 2305 v.
1342 2279 1416 2306 502.
1431 2276 1569 2306 foeminae

919 2328 939 2347 a
956 2317 1138 2357 Babyloniis
1149 2317 1351 2358 strangulatae
1373 2329 1414 2348 ne
1428 2320 1570 2349 frumen-

921 2367 992 2390 tum
1027 2362 1234 2395 absumerent,
1273 2361 1313 2390 iii.
1356 2365 1424 2392 150.
1461 2372 1570 2392 earum

923 2404 1151 2444 quinquaginta
1187 2403 1286 2433 millia
1326 2403 1508 2444 Babyloniis
1551 2416 1570 2434 a

924 2447 1023 2477 Dario
1051 2445 1255 2485 suppeditata,
1291 2453 1327 2477 ut
1363 2453 1570 2478 succresceret

922 2489 1051 2524 soboles,
1076 2490 1118 2518 iii.
1143 2493 1213 2519 159.
1229 2489 1364 2520 foeminae
1387 2490 1457 2520 colo
1476 2497 1508 2520 et
1530 2490 1571 2521 si-

921 2532 1049 2562 milibus
1074 2533 1166 2562 rebus
1194 2531 1359 2569 donandae,
1389 2543 1453 2563 non
1485 2543 1571 2563 exer-

922 2577 996 2609 citu,
1012 2575 1052 2605 iv.
1069 2579 1138 2606 162.
1153 2574 1297 2604 foeminas
1311 2576 1475 2612 adducere,
1495 2576 1572 2607 Per-

923 2628 1028 2648 sarum
1044 2617 1277 2648 convivantium
1292 2629 1369 2649 mos.
1393 2629 1422 2649 v.
1444 2623 1491 2649 18.
1514 2619 1570 2650 foe-

921 2661 1016 2691 minae
1037 2660 1117 2691 virili
1139 2660 1260 2697 virtute,
1285 2661 1346 2691 viii.
1369 2662 1571 2692 88.foeminae

921 2711 1065 2744 agrestes,
1093 2704 1132 2733 iv.
1158 2707 1204 2735 19.
1228 2703 1357 2734 foemina
1381 2705 1477 2746 virgo,
1501 2716 1573 2746 quae

924 2754 989 2778 erat
1003 2747 1194 2786 semivipera,
1212 2746 1251 2777 iv.
1267 2752 1294 2779 9.
1310 2747 1477 2779 foemineus
1491 2758 1572 2778 mor-

922 2791 981 2820 bus
1010 2789 1075 2820 fani
1105 2789 1238 2821 Veneris
1266 2791 1486 2830 spoliatoribus
1514 2791 1572 2820 im-

925 2833 1046 2869 missus,
1071 2833 1091 2863 i.
1109 2836 1178 2864 105.

882 2876 1036 2907 Fodiendi
1051 2876 1130 2906 ratio
1151 2882 1188 2907 ut
1201 2882 1282 2908 terra
1296 2877 1406 2908 effossa
1422 2887 1488 2908 non
1502 2886 1574 2917 pro·

929 2919 1010 2957 deat,
1028 2919 1059 2950 ii.
1079 2922 1150 2952 150.
