1836 3156
463 187 952 236 POLYMNIA
998 188 1120 236 VII.
1371 195 1465 233 225

62 329 92 368 5
117 328 146 350 “
170 320 334 381 λόγους,
376 319 416 373 ὃς
456 320 612 379 φθονέει
648 339 710 367 τοι
751 319 794 367 εὖ
834 320 1060 382 πρήσσοντι,
1108 320 1130 372 ἢ
1176 318 1252 365 καὶ
1291 318 1473 382 προδιδοῖ

118 404 146 425 “
168 397 403 460 πρηγματα
437 395 494 442 τοὶ
519 398 586 442 σοί.
625 396 701 442 καὶ
741 395 822 460 γοὶρ
860 395 905 449 δὴ
948 395 1021 442 καὶ
1044 394 1224 458 τρόποισι
1250 394 1464 441 τοιούτοισι

117 480 143 502 “
166 474 376 537 χρεώμενοι
414 474 455 519 οἱ
483 473 682 527 ’Έλληνες
717 473 919 536 χαίρουσι·
956 477 1031 518 τοῦ
1068 491 1111 519 τε
1135 472 1335 532 εὐτυχέειν
1359 474 1466 531 φθο-

119 557 148 578 “
170 550 311 608 νέουσι,
348 549 424 596 καὶ
451 549 499 596 τὸ
528 550 686 614 κρέσσον
712 549 943 609 στυγέουσι.
1016 550 1070 596 Εἰ
1093 548 1126 594 δ’
1156 547 1222 595 ἐπὶ
1245 552 1338 611 τῇσι
1362 568 1466 612 παρ-

120 632 151 653 “
174 625 327 689 εούσησι
364 625 528 689 τύχησι,
567 631 640 673 τῶν
665 626 738 678 νέες
762 626 1053 685 νεναυηγηκασι
1077 625 1352 689 τετρακόσιαι,
1389 626 1468 672 οἵλ-

33 709 94 749 10
119 708 150 729 “
172 711 252 755 λας
276 703 322 748 ἐκ
356 706 430 748 τοῦ
463 702 740 765 στρατοπέδου
780 702 1010 765 τριηκοσίας
1048 701 1324 764 ἀποπέμψεις
1361 721 1467 765 περι-

119 784 148 806 “
171 779 314 825 πλώειν
341 778 651 833 Πελοπόννησον,
677 777 909 841 ἀξιόμαχοί
940 796 1002 823 τοι
1026 777 1204 837 γίνονται
1230 778 1271 823 οἱ
1289 777 1466 823 ἀντίπα-

118 862 147 883 “
171 865 249 902 λοι.
287 855 389 910 ἁλὴς
426 855 464 902 δὲ
506 855 570 902 ἐῶν
609 853 842 906 ὁναυτικὸς
865 852 1052 917 στρατός,
1081 853 1469 917 δυσμεταχείριστός

121 939 151 960 “
175 951 218 979 τε
243 934 401 979 αὐτοῖσι
425 932 596 992 γίνεται,
623 931 698 978 καὶ
733 931 857 995 ἀρχὴν
893 932 967 977 οὐκ
1003 930 1238 994 ἀξιόμαχοί
1265 951 1327 979 τοι
1367 932 1469 978 ἔσον-

122 1016 150 1037 “
173 1026 260 1056 ται·
296 1008 372 1055 καὶ
406 1010 491 1061 πᾶς
527 1008 548 1054 o‘
582 1006 771 1060 ναυτικός
806 1011 865 1070 τῷ
890 1008 1002 1070 πεζῷ
1026 1009 1168 1071 ἀρηξει,
1200 1007 1276 1055 καὶ
1302 1008 1470 1072 ὁπεζός

38 1094 95 1133 15
123 1093 151 1114 “
173 1089 232 1148 τῷ
255 1089 450 1148 ναυτικῷ,
476 1085 578 1148 ὁμοῦ
602 1085 869 1149 πορευόμενος.
905 1086 938 1131 εἰ
961 1085 1000 1132 δὲ
1025 1085 1278 1141 διασπάσεις,
1305 1085 1395 1134 οὔτε
1419 1087 1470 1134 σι)

121 1168 152 1191 “
175 1163 281 1210 ἐ’σεαι
305 1162 462 1209 κείνοισι
486 1163 698 1226 χρησιμος,
724 1161 814 1208 οὔτε
845 1167 960 1209 κεῖνοι
985 1163 1061 1209 σοι’.
1134 1161 1209 1209 To}
1233 1169 1408 1211 σεωυτοῦ
1432 1164 1473 1211 δὲ

122 1247 152 1268 “
171 1239 368 1302 τιθέμενος
390 1239 446 1295 εὖ,
482 1241 639 1303 γνώμην
664 1240 731 1300 ἔχε
756 1238 812 1286 τοὶ
837 1244 911 1286 τῶν
935 1240 1214 1303 ἀντιπολέμων
1249 1241 1307 1304 μὴ
1344 1243 1474 1289 ἐπιλέ-

121 1324 148 1345 “
172 1320 328 1378 γεσθαι
352 1319 603 1381 πρηγματα,
629 1320 683 1381 τῇ
705 1337 749 1364 τε
773 1318 988 1371 στησονται
1012 1316 1079 1364 τὸν
1103 1317 1294 1381 πόλεμον,
1336 1321 1394 1366 τοί
1428 1339 1474 1366 τε

124 1401 153 1422 “
177 1395 401 1450 ποιησουσι,
427 1393 509 1440 ὅσοι
533 1413 576 1441 τε
600 1394 769 1448 πλῆθός
793 1395 876 1441 εἱσι.
912 1392 1043 1440 ἱκανοὶ
1065 1392 1147 1457 γοὶρ
1172 1394 1310 1441 ἐκεῖνοί
1329 1414 1377 1454 γε
1401 1397 1475 1442 αὐ-

35 1480 99 1519 20
123 1477 156 1499 “
180 1471 244 1519 τοὶ
267 1472 415 1518 ἑωυτῶν
439 1472 525 1535 πέρι
551 1472 768 1536 φροντίζειν
793 1470 880 1527 εἰσὶ,
906 1473 1018 1534 ἡμεῖς
1041 1470 1081 1517 δὲ
1105 1471 1232 1534 ἡμέων
1265 1471 1473 1526 ωσαύτως.

125 1556 153 1577 “
181 1549 500 1612 Λακεδαιμόνιοι
538 1548 591 1604 δὲ,
617 1550 659 1603 ἣν
681 1553 765 1595 ἴωσι
790 1549 914 1596 ἀντία
942 1548 1115 1612 Πέρσησι
1153 1550 1189 1602 ἐς
1212 1551 1367 1612 μάχην,
1411 1552 1475 1596 οὐ-

125 1633 152 1655 “
177 1626 217 1673 δὲ
241 1627 276 1673 ἓν
299 1625 348 1673 ‘td
366 1625 510 1690 παρεδν
528 1631 671 1690 τρῶμα
696 1626 941 1672 ἀνιεῦνται.”

188 1720 439 1752 ccxxxvfl.
506 1702 761 1766 Ἀμείὲεται
788 1703 938 1767 Ξέρξης
960 1703 1104 1751 τοῖσδε·
1142 1710 1173 1732 “
1197 1703 1471 1768 Ἀχαίμενες,

124 1788 156 1809 “
180 1780 224 1828 εὖ
245 1781 289 1828 τέ
311 1800 383 1844 μοι
420 1780 564 1834 δοκέεις
585 1780 729 1841 λέγειν,
764 1780 841 1826 καὶ
864 1781 1015 1834 ποιήσω
1037 1785 1196 1827 ταῦτα.
1275 1782 1474 1847 Δημάρη-

126 1864 155 1886 “
178 1876 246 1910 τος
282 1857 321 1904 δὲ
360 1857 470 1918 λέγει
507 1856 578 1920 μὲν
614 1856 672 1903 τοὶ
695 1857 845 1918 οἵριστα
870 1857 1042 1905 ἔλπεται
1067 1858 1162 1905 εἶναι
1188 1858 1293 1921 ἐμοὶ,
1337 1861 1476 1923 γνώμῃ

126 1942 153 1962 “
175 1934 310 1997 μέντοι
334 1934 523 1981 ἑσσοῦται
550 1933 630 1981 ὑπό
665 1939 745 1981 σεῦ.
781 1936 825 1981 οὐ
861 1932 942 1998 γοὶρ
967 1934 1013 1988 δὴ
1047 1935 1148 1982 κεῖνό
1174 1955 1221 1996 γε
1256 1936 1476 2001 ἐνδέξομαι,

71 2021 100 2059 5
127 2018 156 2039 “
180 2010 280 2065 ὅκως
303 2013 378 2059 οὐκ
402 2012 535 2059 εὐνοέει
559 2018 660 2059 τοῖσι
685 2014 812 2075 ἐμοῖσι
837 2014 1070 2076 πρήγμασι,
1113 2014 1222 2060 τοῖσί
1239 2033 1282 2061 τε
1305 2016 1478 2079 λεγομέ-

129 2096 158 2117 “
181 2108 275 2136 νοισι
299 2089 480 2154 πρότερον
505 2091 550 2136 ἐκ
574 2090 720 2137 τούτου
745 2091 1061 2153 σταθμώμενος,
1098 2090 1174 2137 καὶ
1197 2095 1254 2153 τῷ
1278 2091 1391 2148 έόντι,
1416 2091 1478 2140 ὅτι

130 2174 158 2195 “
181 2168 374 2221 πολιήτης
412 2166 484 2230 μὲν
523 2168 696 2231 πολιῆτη
733 2167 776 2215 εὐ
816 2168 1027 2231 πρησσοντι
1069 2169 1242 2227 φθονέει,
1283 2170 1365 2216 καί
1394 2171 1477 2217 ἐστι

130 2252 160 2273 “
185 2245 376 2308 δυσμενὴς
398 2248 450 2308 τῇ
473 2249 583 2309 σιγῇ
617 2244 785 2301 οὐδ”ἂν,
821 2244 1197 2310 συμὲουλευομένου
1233 2251 1307 2293 τοῦ
1330 2247 1476 2302 ἀστοῦ,

130 2323 373 2377 ’(-πολιῆτης
397 2321 488 2386 ἀνὴρ
511 2320 743 2386 τοὶοῖριστά
780 2325 820 2369 οἱ
839 2322 1028 2369 δοκέοντα
1053 2323 1149 2370 εἶναι
1175 2322 1406 2378 ὑποθέοιτο,
1447 2324 1482 2369 εἰ

49 2406 112 2445 10
135 2404 163 2427 “
189 2399 247 2462 μὴ
271 2399 403 2463 πρόσω
426 2399 564 2463 ἀρετῆς
588 2399 738 2453 ἀνηκοι·
762 2400 922 2446 σπάνιοι
943 2399 975 2445 δ’
1005 2398 1078 2445 εἰσὶ
1095 2402 1136 2446 οἱ
1153 2404 1341 2446 τοιοῦτοι.
1366 2402 1481 2453 ξεῖνος

135 2484 161 2504 “
186 2476 226 2524 δὲ
249 2477 354 2540 ξείνῳ
378 2476 421 2524 εὖ
444 2477 664 2540 πρησσοντί
681 2478 764 2523 ἐστι
790 2476 1076 2539 εὐμενέστατον
1100 2478 1275 2534 πάντων,
1300 2475 1480 2539 συμὲου-

138 2561 169 2581 “
192 2553 406 2616 λευομένου
429 2572 472 2600 τε
496 2552 544 2599 ἂν
568 2551 878 2616 συμὲουλεύσειε
901 2552 958 2599 τοὶ
982 2554 1145 2617 ἄριστα.
1189 2554 1293 2600 οὕτω
1316 2552 1364 2598 ὧν
1405 2573 1483 2599 κα-

139 2636 170 2659 “
193 2630 386 2690 κολογιής
403 2630 488 2690 πέρι
511 2633 583 2684 τῆς
606 2631 643 2683 ές
670 2630 931 2693 Δημάρητον,
959 2629 1086 2682 ἐόντος
1103 2628 1193 2692 ἐμοὶ
1216 2629 1352 2685 ξείνου,
1370 2629 1485 2690 ἔχεσω

140 2715 168 2736 “
192 2707 280 2755 θαί
297 2727 388 2754 τινα
411 2711 486 2754 τοῦ
506 2712 656 2753 λοιποῦ
677 2707 867 2754 κελεύω.”

205 2800 475 2832 ccxxxvm.
545 2787 703 2832 Ταῦτα
745 2789 863 2838 εἴπας
911 2784 1078 2849 Ξέρξης,
1125 2785 1259 2840 διεξῆϊε
1301 2784 1369 2832 διοὶ
1409 2790 1484 2833 τῶν

212 2871 316 2910 VoL.
336 2872 390 2911 11.
782 2874 812 2910 F
826 2873 844 2909 f

1504 1718 1683 1750 Consilium

1505 1761 1669 1792 Demarati

1503 1816 1521 1835 a
1539 1805 1647 1835 Xerxe
1656 1814 1704 1834 re-

1502 1849 1680 1889 pudiatum.

1514 2799 1632 2835 Xerxis
1658 2799 1716 2829 im-
