1836 3156
509 197 868 248 URANIA
919 197 1068 246 VIII.
1350 202 1443 241 285

174 348 284 380 ch.
309 333 401 384 Ὡς
424 330 464 377 δέ
487 329 663 377 ἀπίκετο
687 331 723 383 ἐς
746 328 825 382 τοὶς
847 329 1031 383 Ἀθηνας
1048 324 1342 389 ἀποπεμφθεὶς
1365 323 1445 371 ὑπὸ
1468 320 1647 403 sslceg‘ssnssfi

108 408 356 472 Μαρδονίου,
392 407 504 467 ἔλεγε
539 406 653 454 τάδε.
689 412 720 434 “
740 405 908 469 ”Ανδρες
946 404 1185 459 Ἀθηναῖοι,
1221 401 1446 466 Μαρδόνιος
1468 407 1673 480 {ogffllspersils

104 492 134 515 ‘⁶
157 485 256 532 τάδε
288 483 412 544 λέγει·
450 481 577 546 Ἐμοὶ
599 482 777 543 ἀγγελίη
814 481 900 534 ἥκει
924 480 1039 545 παροὶ
1063 483 1277 544 βασιλῆος,
1302 479 1445 539 λέγου-
1470 492 1631 524 suadentis

107 568 135 589 ‘⁶
159 579 214 608 σα
254 560 370 608 οὕτω·
400 559 666 613 Ἀθηναίοισι
706 557 784 612 τοὶς
820 558 1070 622 ἁμαρτάδας
1105 556 1184 609 τοὶς
1219 558 1256 609 ἐς
1292 555 1361 619 ἐμὲ
1408 557 1446 610 ἐξ
1470 535 1671 608 ἶῗὲῐῗςέὼρ“

49 649 78 686 5
107 644 137 664 “
161 638 306 684 ἐκείνων
330 637 542 698 γενομένας
566 637 707 688 πάσας
740 635 925 698 μετίημι·
964 639 1026 680 νῦν
1047 652 1090 680 τε
1115 631 1201 689 οἶδε,
1228 632 1445 696 Μαρδόνιε,
1471 618 1588 652 concio.

105 720 133 742 “
157 714 278 761 ποίεε.
320 718 442 760 τοῦτο
479 713 564 775 μὲν,
591 712 658 766 τὴν
699 716 771 772 γῆν
805 724 875 770 σφι
900 711 1064 764 ἀπόδος
1087 714 1207 757 τοῦτο
1233 709 1285 764 δέ,
1321 709 1448 763 ἄλλην

107 797 136 819 “
158 790 255 854 πρὸς
294 790 427 853 ταυτῃ
465 790 624 837 ἑλέσθων
660 788 795 846 αὐτοὶ,
829 789 872 842 ἤν
906 808 996 834 τινα
1032 786 1080 833 ἀν
1105 787 1289 842 ἐθέλωσι,
1327 784 1449 838 ἐόντες

107 872 136 894 “
159 865 387 928 αὐτόνομοι·
423 866 487 928 ἱρά
511 883 554 911 τε
578 865 719 911 πάντα
753 876 837 923 σφι,
873 865 914 917 ἣν
939 863 984 918 δὴ
1006 863 1243 928 βοὺλωνταί
1275 881 1323 922 γε
1361 860 1451 924 ἐμοὶ

105 947 136 970 “
161 941 402 1005 ὁμολογέειν,
428 940 662 1004 ἀνόρθωσον,
686 939 763 987 ὅσα
798 939 878 1000 ἐγῶ
913 941 1116 1005 ἐνέπρησα.
1186 939 1369 986 Τουτέων
1410 937 1450 985 δέ

25 1027 83 1065 10
107 1025 133 1046 ‘⁶
156 1018 404 1081 ἀπιγμένων,
441 1016 679 1076 ἀναγκαίως
702 1017 783 1077 ἔχει
806 1035 879 1079 μοι
903 1017 1042 1064 ποιέειν
1065 1021 1220 1072 ταῦτα,
1257 1017 1298 1070 ἣν
1320 1015 1378 1079 μη
1402 1014 1451 1062 τὸ

109 1103 137 1124 “
159 1095 341 1158 ὑμέτερον
365 1093 496 1140 ἀντιόν
527 1093 701 1153 γένηται.
773 1093 896 1154 Λέγω
937 1093 977 1141 δὲ
1017 1094 1107 1157 ὑμῖν
1147 1094 1257 1140 τάδε.
1308 1097 1369 1139 νῦν
1408 1091 1456 1138 τί

109 1178 137 1200 “
159 1171 372 1234 μαίνεσθε,
397 1170 576 1233 πόλεμον
600 1170 769 1233 βασιλέϊ
803 1170 1092 1234 ἀνταειρόμενοι
1102 1192 1113 1225 ;
1152 1170 1241 1217 οὔτε
1281 1168 1362 1233 γοὶρ
1402 1167 1450 1215 ἂν

106 1254 136 1276 “
161 1246 474 1311 ὑπερζάλοισθε,
496 1245 600 1294 ,οὔτε
632 1247 710 1293 οἷοί
727 1266 769 1294 τε
794 1247 880 1294 ἐστὲ
903 1247 1081 1308 ἀντέχειν
1105 1246 1170 1294 τὸν
1194 1248 1336 1294 πάντα
1358 1246 1452 1310 χρό-

109 1331 138 1352 “
161 1343 233 1371 νον.
258 1324 376 1371 εἴδετε
399 1322 470 1386 μὲν
494 1322 577 1387 γοὶρ
599 1327 670 1377 τῆς
695 1323 848 1387 Ξέρξεω
871 1323 1168 1388 στρατηλασίης
1190 1322 1238 1370 τὸ
1271 1324 1450 1378 πλῆθος,

28 1409 82 1448 15
111 1408 138 1429 “
160 1399 238 1448 καὶ
259 1398 316 1447 τοὶ
339 1400 455 1464 ἔργα·
491 1401 738 1447 πυνθάνεσθε
762 1400 801 1447 δέ
824 1400 899 1447 καὶ
919 1400 988 1454 τὴν
1012 1405 1072 1447 νῦν·
1096 1401 1190 1463 παρ’
1220 1398 1289 1462 ἐμὲ
1313 1400 1453 1446 ἐοῦσαν

109 1483 138 1505 “
165 1477 348 1540 δύναμιν·
383 1477 484 1524 ὥστε
507 1476 583 1524 καὶ
606 1478 646 1531 ἢν
669 1478 798 1541 ἡμέας
831 1476 1132 1541 ὑπερζάλησθε,
1158 1476 1233 1524 καὶ
1256 1478 1452 1533 νικησητε,

109 1560 138 1582 “
163 1555 262 1617 (τοῦ
284 1572 356 1618 περ
374 1553 466 1616 ὑμῖν
484 1553 646 1617 οὐδεμίη
662 1553 790 1610 ἐλπὶς,
809 1559 912 1618 εἴπερ
927 1553 969 1601 εὖ
987 1553 1201 1618 φρονέετε,)
1220 1553 1329 1607 ἄλλη
1348 1571 1452 1616 παρ-

109 1636 138 1657 “
163 1629 277 1676 έσται
302 1630 608 1686 πολλαπλησίη.
647 1629 706 1692 μὴ
730 1630 778 1676 ὧν
801 1630 1011 1693 βούλησθε
1052 1630 1329 1694 παρισεὺμενοι
1369 1632 1453 1693 βα-

112 1713 140 1734 “
162 1706 276 1762 σιλέϊ,
312 1706 526 1769 στέρεσθαι
561 1705 633 1769 μὲν
669 1710 742 1760 τῆς
763 1708 904 1770 χώρης,
928 1707 1032 1754 θέειν
1057 1706 1096 1754 δὲ
1120 1706 1198 1754 αἰεὶ
1220 1707 1307 1770 περὶ
1330 1706 1457 1769 ὑμέων

25 1790 88 1829 20
113 1786 144 1810 “
169 1782 317 1829 αὐτῶν·
354 1781 473 1828 ἀλλοὶ
511 1781 818 1831 καταλύσασθε.
852 1783 1021 1847 παρέχει
1063 1782 1102 1830 δὲ
1127 1783 1219 1845 ὑμῖν
1241 1783 1456 1829 κάλλιστα

114 1865 142 1887 “
164 1858 503 1915 καταλὺσασθαι,
527 1861 729 1921 βασιλῆος
751 1859 885 1923 ταύτῃ
907 1860 1150 1923 ὡρμημένου.
1188 1859 1274 1907 ἐ’στε
1298 1859 1457 1906 ἐλεὺθε-

112 1942 142 1964 “
165 1955 234 1999 ροι,
259 1937 349 1998 ἡμῖν
373 1935 602 1999 ὁμαιχμίην
625 1936 854 1999 συνθέμενοι
878 1936 970 1984 ἄνευ
993 1955 1037 1984 τε
1075 1937 1194 1984 δόλου
1230 1936 1306 1983 καὶ
1344 1937 1459 1984 ἀποέ-

114 2020 141 2041 “
163 2032 244 2067 της.
305 2012 532 2075 Μαρδόνιος
554 2012 626 2075 μὲν
649 2017 806 2069 ταῦτα,
833 2012 863 2059 ὦ
885 2013 1122 2069 Ἀθηναῖοι,
1142 2013 1364 2061 ἐνετείλατό
1387 2032 1458 2077 μοι

113 2096 142 2118 “
169 2090 281 2137 εἶπαι
305 2088 403 2153 πρὸς
427 2089 567 2152 ὑμέας.
602 2089 683 2150 ἐγὼ
706 2089 745 2138 δὲ
769 2089 856 2154 περὶ
877 2090 950 2153 μὲν
973 2091 1114 2145 εὐνοίης
1136 2095 1207 2145 τῆς
1229 2090 1324 2155 πρὸς
1364 2090 1461 2154 ὑμέ-

28 2176 89 2215 25
115 2174 144 2195 “
169 2187 219 2220 ας
241 2167 375 2221 ἐοὺσης
399 2168 438 2222 ἐξ
461 2168 570 2229 ἐμεῦ,
595 2166 701 2214 οὐδὲν
723 2167 837 2221 λέξω·
879 2168 925 2214 οὐ
949 2166 1032 2232 γοὶρ
1054 2167 1103 2215 ἂν
1126 2172 1188 2215 νῦν
1211 2172 1361 2232 πρῶτον
1397 2169 1460 2214 ἐκ-

117 2250 145 2272 “
167 2244 363 2307 μάθοιτε.
399 2243 648 2307 προσχρηίζω
672 2243 712 2290 δέ
736 2243 877 2307 ὑμέων,
901 2245 1101 2292 πείθεσθαι
1129 2244 1359 2308 Μαρδονίῳ.
1386 2245 1462 2291 ἐνο-

118 2326 146 2348 “
170 2320 238 2384 ρέω
273 2319 354 2384 γὰρ
378 2320 469 2383 ὑμῖν
493 2321 567 2366 οὐκ
591 2320 709 2367 οἵοισί
735 2339 779 2367 τε
814 2322 1025 2385 ἐσομένοισι
1060 2320 1126 2368 τὸν
1157 2322 1299 2368 πάντα
1328 2320 1461 2384 χρόνον

118 2405 147 2425 “
169 2397 374 2460 πολεμέειν
395 2397 538 2461 Ξέρξῃ.
572 2399 605 2445 εἰ
627 2396 708 2461 γοὶρ
731 2398 865 2461 ἐνώρων
887 2403 1009 2446 τοῦτο
1033 2400 1068 2446 ἐν
1094 2398 1199 2462 ὑμῖν,
1225 2400 1299 2445 οὐκ
1323 2398 1371 2444 οἵν
1393 2415 1461 2444 κο-

119 2481 147 2503 “
169 2493 213 2522 τε
238 2476 275 2527 ἐς
297 2474 426 2536 ὑμέας
447 2473 574 2528 ἦλθον
598 2474 697 2536 ’έχων
736 2474 886 2536 λόγους
921 2476 1077 2524 τούσδε.
1113 2475 1188 2523 καὶ
1225 2474 1306 2539 γὰρ
1346 2475 1461 2522 δόνα-

34 2560 96 2599 30
122 2558 153 2579 “
173 2570 244 2614 μις
267 2550 365 2615 ὑπὲρ
399 2551 595 2615 ἄνθρωπον
617 2553 639 2606 ἦ
663 2551 865 2616 βασιλῆός
887 2553 984 2609 ἐστι,
1015 2552 1091 2600 καὶ
1112 2552 1198 2616 χεὶρ
1222 2553 1462 2617 ὑπερμηκης.

121 2635 150 2658 “
174 2630 215 2683 ἢν
237 2627 285 2674 εἶὲν
318 2628 377 2691 μὴ
411 2629 569 2676 αὐτίκα
592 2628 884 2692 ὁμολογησητε,
908 2632 1084 2693 μεγάλα
1108 2630 1376 2694 προτεινόντων
1401 2629 1460 2677 ἐπ’

124 2713 151 2733 “
174 2705 249 2752 οἷσι
285 2704 513 2768 ὁμολογέειν
547 2706 747 2763 ἐθέλουσι,
790 2706 976 2770 δειμαίνω
1000 2707 1097 2770 ὑπὲρ
1121 2707 1262 2770 ὑμέων,
1289 2709 1324 2754 ἐν
1347 2706 1412 2771 τρί
1437 2729 1466 2770 ω

124 2789 150 2809 ‘⁶
173 2799 216 2828 τε
239 2782 432 2843 μάλιστα
467 2782 674 2844 οἰκημένων
714 2788 789 2830 τῶν
825 2784 1060 2846 συμμάχων
1094 2785 1267 2839 πάντων,
1305 2784 1390 2831 αἰεί
1423 2803 1464 2830 τε
