<?xml version="1.0" encoding="UTF-8"?>
<!DOCTYPE html PUBLIC "-//W3C//DTD XHTML 1.0 Transitional//EN"
    "http://www.w3.org/TR/xhtml1/DTD/xhtml1-transitional.dtd">
<html xmlns="http://www.w3.org/1999/xhtml" xml:lang="en" lang="en">
 <head>
  <title>
</title>
<meta http-equiv="Content-Type" content="text/html;charset=utf-8" />
  <meta name='ocr-system' content='tesseract 3.04.00' />
  <meta name='ocr-capabilities' content='ocr_page ocr_carea ocr_par ocr_line ocrx_word'/>
</head>
<body>
  <div class='ocr_page' id='page_1' title='image "./historinlogoi9ep02herouoft/historinlogoi9ep02herouoft_0434.png"; bbox 0 0 1836 3156; ppageno 0'>
   <div class='ocr_carea' id='block_1_1' title="bbox 263 161 1121 192">
    <p class='ocr_par' dir='ltr' id='par_1_1' title="bbox 263 161 1121 192">
     <span class='ocr_line' id='line_1_1' title="bbox 263 161 1121 192; baseline 0.002 -2"><span class='ocrx_word' id='word_1_1' title='bbox 263 164 303 190; x_wconf 75' lang='lat'><strong>52</strong></span> <span class='ocrx_word' id='word_1_2' title='bbox 888 161 1121 192; x_wconf 88' lang='lat' dir='ltr'><strong>INDEX.</strong></span> 
     </span>
    </p>
   </div>
   <div class='ocr_carea' id='block_1_2' title="bbox 247 244 959 2998">
    <p class='ocr_par' dir='ltr' id='par_1_2' title="bbox 300 244 959 323">
     <span class='ocr_line' id='line_1_2' title="bbox 300 244 959 288; baseline 0.006 -14"><span class='ocrx_word' id='word_1_3' title='bbox 300 244 437 280; x_wconf 76' lang='lat' dir='ltr'>cessitas,</span> <span class='ocrx_word' id='word_1_4' title='bbox 463 255 516 276; x_wconf 87' lang='lat' dir='ltr'>eos</span> <span class='ocrx_word' id='word_1_5' title='bbox 534 246 645 276; x_wconf 86' lang='lat' dir='ltr'>Samiis</span> <span class='ocrx_word' id='word_1_6' title='bbox 658 247 771 286; x_wconf 80' lang='lat' dir='ltr'>prodit,</span> <span class='ocrx_word' id='word_1_7' title='bbox 787 247 860 278; x_wconf 90' lang='lat' dir='ltr'><strong>ibid.</strong></span> <span class='ocrx_word' id='word_1_8' title='bbox 890 247 959 288; x_wconf 85' lang='lat' dir='ltr'>ejus</span> 
     </span>
     <span class='ocr_line' id='line_1_3' title="bbox 302 288 614 323; baseline 0.01 -6"><span class='ocrx_word' id='word_1_9' title='bbox 302 288 454 323; x_wconf 78' lang='lat' dir='ltr'>interitus,</span> <span class='ocrx_word' id='word_1_10' title='bbox 472 289 614 320; x_wconf 79' lang='lat' dir='ltr'><strong>vii.155.</strong></span> 
     </span>
    </p>

    <p class='ocr_par' dir='ltr' id='par_1_3' title="bbox 260 331 956 372">
     <span class='ocr_line' id='line_1_4' title="bbox 260 331 956 372; baseline 0.006 -12"><span class='ocrx_word' id='word_1_11' title='bbox 260 331 481 370; x_wconf 80' lang='lat' dir='ltr'>HippocrateS,</span> <span class='ocrx_word' id='word_1_12' title='bbox 498 331 705 371; x_wconf 80' lang='lat' dir='ltr'>Smiudyridjs</span> <span class='ocrx_word' id='word_1_13' title='bbox 716 340 810 372; x_wconf 83' lang='lat' dir='ltr'>pater,</span> <span class='ocrx_word' id='word_1_14' title='bbox 828 333 866 363; x_wconf 88' lang='lat' dir='ltr'>vi.</span> <span class='ocrx_word' id='word_1_15' title='bbox 886 337 956 364; x_wconf 89' lang='lat'><strong>127.</strong></span> 
     </span>
    </p>

    <p class='ocr_par' dir='ltr' id='par_1_4' title="bbox 259 373 956 446">
     <span class='ocr_line' id='line_1_5' title="bbox 259 373 956 415; baseline 0.007 -13"><span class='ocrx_word' id='word_1_16' title='bbox 259 373 503 412; x_wconf 85' lang='lat' dir='ltr'>Hippocratides</span> <span class='ocrx_word' id='word_1_17' title='bbox 532 374 740 415; x_wconf 81' lang='lat' dir='ltr'>Leutychidis</span> <span class='ocrx_word' id='word_1_18' title='bbox 769 376 859 412; x_wconf 82' lang='lat' dir='ltr'>filius,</span> <span class='ocrx_word' id='word_1_19' title='bbox 893 376 956 406; x_wconf 82' lang='lat' dir='ltr'>viii.</span> 
     </span>
     <span class='ocr_line' id='line_1_6' title="bbox 304 420 376 446; baseline 0 0"><span class='ocrx_word' id='word_1_20' title='bbox 304 420 376 446; x_wconf 79' lang='lat'><strong>131.</strong></span> 
     </span>
    </p>

    <p class='ocr_par' dir='ltr' id='par_1_5' title="bbox 258 458 707 498">
     <span class='ocr_line' id='line_1_7' title="bbox 258 458 707 498; baseline 0.007 -9"><span class='ocrx_word' id='word_1_21' title='bbox 258 458 411 497; x_wconf 72' lang='lat' dir='ltr'>Hippolai</span> <span class='ocrx_word' id='word_1_22' title='bbox 428 467 586 498; x_wconf 86' lang='lat' dir='ltr'>promont.</span> <span class='ocrx_word' id='word_1_23' title='bbox 596 471 637 491; x_wconf 81' lang='lat' dir='ltr'>lv,</span> <span class='ocrx_word' id='word_1_24' title='bbox 656 465 707 492; x_wconf 90' lang='grc'>55.</span> 
     </span>
    </p>

    <p class='ocr_par' dir='ltr' id='par_1_6' title="bbox 258 501 855 543">
     <span class='ocr_line' id='line_1_8' title="bbox 258 501 855 543; baseline 0.008 -13"><span class='ocrx_word' id='word_1_25' title='bbox 258 501 482 540; x_wconf 83' lang='lat' dir='ltr'>Hippolochus</span> <span class='ocrx_word' id='word_1_26' title='bbox 502 503 615 533; x_wconf 83' lang='lat' dir='ltr'>Glauci</span> <span class='ocrx_word' id='word_1_27' title='bbox 630 511 725 543; x_wconf 84' lang='lat' dir='ltr'>pater,</span> <span class='ocrx_word' id='word_1_28' title='bbox 743 504 764 534; x_wconf 85' lang='lat' dir='ltr'>i.</span> <span class='ocrx_word' id='word_1_29' title='bbox 786 508 855 535; x_wconf 80' lang='lat'><strong>147.</strong></span> 
     </span>
    </p>

    <p class='ocr_par' dir='ltr' id='par_1_7' title="bbox 259 543 953 629">
     <span class='ocr_line' id='line_1_9' title="bbox 259 543 953 588; baseline 0.007 -15"><span class='ocrx_word' id='word_1_30' title='bbox 259 543 511 583; x_wconf 81' lang='lat' dir='ltr'>Hippomachus,</span> <span class='ocrx_word' id='word_1_31' title='bbox 555 547 741 577; x_wconf 88' lang='lat' dir='ltr'>Graecorum</span> <span class='ocrx_word' id='word_1_32' title='bbox 777 548 832 588; x_wconf 90' lang='lat' dir='ltr'>qui</span> <span class='ocrx_word' id='word_1_33' title='bbox 865 554 953 578; x_wconf 87' lang='lat' dir='ltr'>erant</span> 
     </span>
     <span class='ocr_line' id='line_1_10' title="bbox 299 588 869 629; baseline 0.009 -13"><span class='ocrx_word' id='word_1_34' title='bbox 299 597 374 617; x_wconf 88' lang='lat' dir='ltr'>cum</span> <span class='ocrx_word' id='word_1_35' title='bbox 391 588 559 618; x_wconf 81' lang='lat' dir='ltr'>Mardonio</span> <span class='ocrx_word' id='word_1_36' title='bbox 575 590 739 629; x_wconf 77' lang='lat' dir='ltr'><strong>haruspex,</strong></span> <span class='ocrx_word' id='word_1_37' title='bbox 758 590 801 620; x_wconf 79' lang='lat' dir='ltr'>ix.</span> <span class='ocrx_word' id='word_1_38' title='bbox 814 595 869 622; x_wconf 90' lang='lat'>57.</span> 
     </span>
    </p>

    <p class='ocr_par' dir='ltr' id='par_1_8' title="bbox 259 629 855 672">
     <span class='ocr_line' id='line_1_11' title="bbox 259 629 855 672; baseline 0.01 -14"><span class='ocrx_word' id='word_1_39' title='bbox 259 629 462 669; x_wconf 86' lang='lat' dir='ltr'>Hipponicus</span> <span class='ocrx_word' id='word_1_40' title='bbox 480 631 590 662; x_wconf 87' lang='lat' dir='ltr'>Calliae</span> <span class='ocrx_word' id='word_1_41' title='bbox 605 640 700 672; x_wconf 87' lang='lat' dir='ltr'>pater,</span> <span class='ocrx_word' id='word_1_42' title='bbox 718 633 768 663; x_wconf 84' lang='lat' dir='ltr'>vii.</span> <span class='ocrx_word' id='word_1_43' title='bbox 786 637 855 665; x_wconf 89' lang='lat'>151.</span> 
     </span>
    </p>

    <p class='ocr_par' dir='ltr' id='par_1_9' title="bbox 258 672 843 712">
     <span class='ocr_line' id='line_1_12' title="bbox 258 672 843 712; baseline 0.009 -10"><span class='ocrx_word' id='word_1_44' title='bbox 258 672 462 712; x_wconf 88' lang='lat' dir='ltr'>Hipponicus</span> <span class='ocrx_word' id='word_1_45' title='bbox 481 674 590 705; x_wconf 84' lang='lat' dir='ltr'>Calliae</span> <span class='ocrx_word' id='word_1_46' title='bbox 605 675 697 712; x_wconf 90' lang='lat' dir='ltr'>filius,</span> <span class='ocrx_word' id='word_1_47' title='bbox 716 677 755 706; x_wconf 93' lang='lat' dir='ltr'>vi.</span> <span class='ocrx_word' id='word_1_48' title='bbox 774 681 843 708; x_wconf 85' lang='lat'><strong>121.</strong></span> 
     </span>
    </p>

    <p class='ocr_par' dir='ltr' id='par_1_10' title="bbox 258 715 641 755">
     <span class='ocr_line' id='line_1_13' title="bbox 258 715 641 755; baseline 0.013 -11"><span class='ocrx_word' id='word_1_49' title='bbox 258 715 525 755; x_wconf 81' lang='lat' dir='ltr'>Hippopotamus,</span> <span class='ocrx_word' id='word_1_50' title='bbox 542 718 573 748; x_wconf 88' lang='lat' dir='ltr'>ii.</span> <span class='ocrx_word' id='word_1_51' title='bbox 590 721 641 749; x_wconf 93' lang='lat'>71.</span> 
     </span>
    </p>

    <p class='ocr_par' dir='ltr' id='par_1_11' title="bbox 258 758 632 798">
     <span class='ocr_line' id='line_1_14' title="bbox 258 758 632 798; baseline 0.011 -11"><span class='ocrx_word' id='word_1_52' title='bbox 258 758 495 798; x_wconf 80' lang='lat' dir='ltr'>Hippotoxotae,</span> <span class='ocrx_word' id='word_1_53' title='bbox 516 760 557 791; x_wconf 84' lang='lat' dir='ltr'>ix.</span> <span class='ocrx_word' id='word_1_54' title='bbox 580 766 632 793; x_wconf 85' lang='lat'>49.</span> 
     </span>
    </p>

    <p class='ocr_par' dir='ltr' id='par_1_12' title="bbox 257 800 952 1048">
     <span class='ocr_line' id='line_1_15' title="bbox 257 800 952 844; baseline 0.009 -14"><span class='ocrx_word' id='word_1_55' title='bbox 257 800 378 832; x_wconf 91' lang='lat' dir='ltr'>Hircus</span> <span class='ocrx_word' id='word_1_56' title='bbox 407 804 596 844; x_wconf 86' lang='lat' dir='ltr'>AEgyptiace</span> <span class='ocrx_word' id='word_1_57' title='bbox 622 805 758 835; x_wconf 82' lang='lat' dir='ltr'>Mendes</span> <span class='ocrx_word' id='word_1_58' title='bbox 782 806 892 841; x_wconf 85' lang='lat' dir='ltr'>dictus,</span> <span class='ocrx_word' id='word_1_59' title='bbox 921 806 952 836; x_wconf 91' lang='lat' dir='ltr'>ii.</span> 
     </span>
     <span class='ocr_line' id='line_1_16' title="bbox 296 845 949 888; baseline 0.008 -14"><span class='ocrx_word' id='word_1_60' title='bbox 296 849 349 876; x_wconf 79' lang='lat'>46.</span> <span class='ocrx_word' id='word_1_61' title='bbox 363 845 439 875; x_wconf 85' lang='lat' dir='ltr'>hirci</span> <span class='ocrx_word' id='word_1_62' title='bbox 463 848 553 876; x_wconf 85' lang='lat' dir='ltr'>urina</span> <span class='ocrx_word' id='word_1_63' title='bbox 576 858 700 886; x_wconf 81' lang='lat' dir='ltr'><strong>spasmo</strong></span> <span class='ocrx_word' id='word_1_64' title='bbox 720 848 855 879; x_wconf 88' lang='lat' dir='ltr'>liberant</span> <span class='ocrx_word' id='word_1_65' title='bbox 872 859 949 888; x_wconf 90' lang='lat' dir='ltr'>pue-</span> 
     </span>
     <span class='ocr_line' id='line_1_17' title="bbox 297 889 952 923; baseline 0.008 -6"><span class='ocrx_word' id='word_1_66' title='bbox 297 898 348 918; x_wconf 88' lang='lat' dir='ltr'>ros</span> <span class='ocrx_word' id='word_1_67' title='bbox 363 899 437 918; x_wconf 87' lang='lat' dir='ltr'>suos</span> <span class='ocrx_word' id='word_1_68' title='bbox 462 889 541 923; x_wconf 84' lang='lat' dir='ltr'>Afri,</span> <span class='ocrx_word' id='word_1_69' title='bbox 560 890 600 920; x_wconf 87' lang='lat' dir='ltr'>iv.</span> <span class='ocrx_word' id='word_1_70' title='bbox 620 894 688 921; x_wconf 89' lang='lat'><strong>187.</strong></span> <span class='ocrx_word' id='word_1_71' title='bbox 706 891 865 922; x_wconf 89' lang='lat' dir='ltr'>hircorum</span> <span class='ocrx_word' id='word_1_72' title='bbox 881 893 952 922; x_wconf 90' lang='lat' dir='ltr'>bar-</span> 
     </span>
     <span class='ocr_line' id='line_1_18' title="bbox 296 932 949 973; baseline 0.008 -13"><span class='ocrx_word' id='word_1_73' title='bbox 296 932 344 961; x_wconf 86' lang='lat' dir='ltr'>bis</span> <span class='ocrx_word' id='word_1_74' title='bbox 365 932 510 961; x_wconf 83' lang='lat' dir='ltr'>innatum</span> <span class='ocrx_word' id='word_1_75' title='bbox 535 932 685 963; x_wconf 89' lang='lat' dir='ltr'>ledanum</span> <span class='ocrx_word' id='word_1_76' title='bbox 709 935 794 973; x_wconf 90' lang='lat' dir='ltr'>apud</span> <span class='ocrx_word' id='word_1_77' title='bbox 820 936 949 971; x_wconf 62' lang='lat' dir='ltr'>Arabes,</span> 
     </span>
     <span class='ocr_line' id='line_1_19' title="bbox 295 974 946 1015; baseline 0.008 -12"><span class='ocrx_word' id='word_1_78' title='bbox 295 974 339 1004; x_wconf 88' lang='lat' dir='ltr'>iii.</span> <span class='ocrx_word' id='word_1_79' title='bbox 367 978 438 1004; x_wconf 87' lang='grc'><strong>112.</strong></span> <span class='ocrx_word' id='word_1_80' title='bbox 458 975 564 1005; x_wconf 86' lang='lat' dir='ltr'>hircus</span> <span class='ocrx_word' id='word_1_81' title='bbox 589 986 664 1006; x_wconf 92' lang='lat' dir='ltr'>cum</span> <span class='ocrx_word' id='word_1_82' title='bbox 685 977 818 1008; x_wconf 88' lang='lat' dir='ltr'>muliere</span> <span class='ocrx_word' id='word_1_83' title='bbox 835 978 946 1015; x_wconf 87' lang='lat' dir='ltr'>coiens,</span> 
     </span>
     <span class='ocr_line' id='line_1_20' title="bbox 293 1017 390 1048; baseline 0.011 -1"><span class='ocrx_word' id='word_1_84' title='bbox 293 1017 326 1047; x_wconf 83' lang='lat' dir='ltr'>ii.</span> <span class='ocrx_word' id='word_1_85' title='bbox 339 1021 390 1048; x_wconf 82' lang='lat'>46.</span> 
     </span>
    </p>

    <p class='ocr_par' dir='ltr' id='par_1_13' title="bbox 252 1060 842 1104">
     <span class='ocr_line' id='line_1_21' title="bbox 252 1060 842 1104; baseline 0.009 -15"><span class='ocrx_word' id='word_1_86' title='bbox 252 1060 341 1090; x_wconf 78' lang='lat' dir='ltr'>Histi</span> <span class='ocrx_word' id='word_1_87' title='bbox 345 1071 363 1089; x_wconf 90' lang='lat' dir='ltr'>a</span> <span class='ocrx_word' id='word_1_88' title='bbox 376 1061 564 1101; x_wconf 81' lang='lat' dir='ltr'>Scytharum</span> <span class='ocrx_word' id='word_1_89' title='bbox 579 1063 695 1104; x_wconf 85' lang='lat' dir='ltr'>regina,</span> <span class='ocrx_word' id='word_1_90' title='bbox 712 1063 753 1094; x_wconf 86' lang='lat' dir='ltr'>iv.</span> <span class='ocrx_word' id='word_1_91' title='bbox 772 1067 842 1095; x_wconf 87' lang='lat'><strong>127.</strong></span> 
     </span>
    </p>

    <p class='ocr_par' dir='ltr' id='par_1_14' title="bbox 253 1103 532 1138">
     <span class='ocr_line' id='line_1_22' title="bbox 253 1103 532 1138; baseline 0.011 -6.011"><span class='ocrx_word' id='word_1_92' title='bbox 253 1103 397 1138; x_wconf 82' lang='lat' dir='ltr'>Histiaea,</span> <span class='ocrx_word' id='word_1_93' title='bbox 415 1105 466 1134; x_wconf 65' lang='lat' dir='ltr'>xii.</span> <span class='ocrx_word' id='word_1_94' title='bbox 482 1108 532 1135; x_wconf 87' lang='grc'>25.</span> 
     </span>
    </p>

    <p class='ocr_par' dir='ltr' id='par_1_15' title="bbox 255 1146 484 1183">
     <span class='ocr_line' id='line_1_23' title="bbox 255 1146 484 1183; baseline 0.009 -8"><span class='ocrx_word' id='word_1_95' title='bbox 255 1146 392 1183; x_wconf 81' lang='lat' dir='ltr'>Histiaei,</span> <span class='ocrx_word' id='word_1_96' title='bbox 410 1147 484 1177; x_wconf 85' lang='lat' dir='ltr'><strong>ibid.</strong></span> 
     </span>
    </p>

    <p class='ocr_par' dir='ltr' id='par_1_16' title="bbox 252 1189 762 1227">
     <span class='ocr_line' id='line_1_24' title="bbox 252 1189 762 1227; baseline 0.008 -9"><span class='ocrx_word' id='word_1_97' title='bbox 252 1189 429 1220; x_wconf 71' lang='lat' dir='ltr'>Hisuaeotis</span> <span class='ocrx_word' id='word_1_98' title='bbox 442 1201 503 1227; x_wconf 88' lang='lat' dir='ltr'>ora,</span> <span class='ocrx_word' id='word_1_99' title='bbox 521 1191 542 1221; x_wconf 93' lang='lat' dir='ltr'>i.</span> <span class='ocrx_word' id='word_1_100' title='bbox 558 1195 606 1223; x_wconf 87' lang='lat'>56.</span> <span class='ocrx_word' id='word_1_101' title='bbox 624 1192 674 1222; x_wconf 78' lang='lat' dir='ltr'>vii.</span> <span class='ocrx_word' id='word_1_102' title='bbox 694 1196 762 1224; x_wconf 87' lang='lat'><strong>175.</strong></span> 
     </span>
    </p>

    <p class='ocr_par' dir='ltr' id='par_1_17' title="bbox 252 1231 947 2040">
     <span class='ocr_line' id='line_1_25' title="bbox 252 1231 947 1276; baseline 0.007 -15"><span class='ocrx_word' id='word_1_103' title='bbox 252 1231 408 1263; x_wconf 67' lang='lat' dir='ltr'>Histiaeus</span> <span class='ocrx_word' id='word_1_104' title='bbox 425 1234 580 1269; x_wconf 83' lang='lat' dir='ltr'>Milesius,</span> <span class='ocrx_word' id='word_1_105' title='bbox 606 1235 777 1276; x_wconf 67' lang='lat' dir='ltr'>Lysagorae</span> <span class='ocrx_word' id='word_1_106' title='bbox 799 1236 891 1272; x_wconf 80' lang='lat' dir='ltr'>filius,</span> <span class='ocrx_word' id='word_1_107' title='bbox 909 1237 947 1266; x_wconf 85' lang='lat' dir='ltr'>iv.</span> 
     </span>
     <span class='ocr_line' id='line_1_26' title="bbox 297 1277 947 1313; baseline 0.008 -8"><span class='ocrx_word' id='word_1_108' title='bbox 297 1279 367 1306; x_wconf 87' lang='lat'><strong>158.</strong></span> <span class='ocrx_word' id='word_1_109' title='bbox 384 1288 412 1306; x_wconf 78' lang='lat' dir='ltr'>v.</span> <span class='ocrx_word' id='word_1_110' title='bbox 427 1281 477 1307; x_wconf 93' lang='lat'>50.</span> <span class='ocrx_word' id='word_1_111' title='bbox 496 1278 543 1307; x_wconf 83' lang='lat' dir='ltr'>vir</span> <span class='ocrx_word' id='word_1_112' title='bbox 564 1277 659 1308; x_wconf 85' lang='lat' dir='ltr'>solers</span> <span class='ocrx_word' id='word_1_113' title='bbox 675 1286 704 1308; x_wconf 87' lang='lat' dir='ltr'>et</span> <span class='ocrx_word' id='word_1_114' title='bbox 720 1279 902 1313; x_wconf 84' lang='lat' dir='ltr'>industrius,</span> <span class='ocrx_word' id='word_1_115' title='bbox 918 1291 947 1310; x_wconf 77' lang='lat' dir='ltr'>v.</span> 
     </span>
     <span class='ocr_line' id='line_1_27' title="bbox 294 1320 945 1360; baseline 0.008 -12"><span class='ocrx_word' id='word_1_116' title='bbox 294 1322 344 1349; x_wconf 85' lang='grc'>25.</span> <span class='ocrx_word' id='word_1_117' title='bbox 361 1320 428 1359; x_wconf 87' lang='lat' dir='ltr'>ejus</span> <span class='ocrx_word' id='word_1_118' title='bbox 443 1320 481 1350; x_wconf 81' lang='lat' dir='ltr'>de</span> <span class='ocrx_word' id='word_1_119' title='bbox 496 1328 592 1360; x_wconf 89' lang='lat' dir='ltr'>ponte</span> <span class='ocrx_word' id='word_1_120' title='bbox 607 1331 673 1350; x_wconf 89' lang='lat' dir='ltr'>non</span> <span class='ocrx_word' id='word_1_121' title='bbox 688 1321 860 1353; x_wconf 87' lang='lat' dir='ltr'>deserendo</span> <span class='ocrx_word' id='word_1_122' title='bbox 875 1333 945 1353; x_wconf 89' lang='lat' dir='ltr'>sen-</span> 
     </span>
     <span class='ocr_line' id='line_1_28' title="bbox 293 1363 947 1403; baseline 0.008 -12"><span class='ocrx_word' id='word_1_123' title='bbox 293 1363 399 1397; x_wconf 69' lang='lat' dir='ltr'>tentia,</span> <span class='ocrx_word' id='word_1_124' title='bbox 416 1374 479 1403; x_wconf 91' lang='lat' dir='ltr'>qua</span> <span class='ocrx_word' id='word_1_125' title='bbox 494 1374 527 1393; x_wconf 90' lang='lat' dir='ltr'>re</span> <span class='ocrx_word' id='word_1_126' title='bbox 542 1363 581 1393; x_wconf 88' lang='lat' dir='ltr'>de</span> <span class='ocrx_word' id='word_1_127' title='bbox 593 1364 693 1394; x_wconf 90' lang='lat' dir='ltr'>Dario</span> <span class='ocrx_word' id='word_1_128' title='bbox 709 1372 740 1394; x_wconf 91' lang='lat' dir='ltr'>et</span> <span class='ocrx_word' id='word_1_129' title='bbox 755 1366 857 1396; x_wconf 90' lang='lat' dir='ltr'>Persis</span> <span class='ocrx_word' id='word_1_130' title='bbox 867 1367 947 1396; x_wconf 91' lang='lat' dir='ltr'>bene</span> 
     </span>
     <span class='ocr_line' id='line_1_29' title="bbox 293 1406 947 1441; baseline 0.009 -7"><span class='ocrx_word' id='word_1_131' title='bbox 293 1406 432 1441; x_wconf 82' lang='lat' dir='ltr'>meritus,</span> <span class='ocrx_word' id='word_1_132' title='bbox 449 1407 487 1436; x_wconf 83' lang='lat' dir='ltr'>iv.</span> <span class='ocrx_word' id='word_1_133' title='bbox 508 1410 576 1437; x_wconf 87' lang='lat'><strong>157.</strong></span> <span class='ocrx_word' id='word_1_134' title='bbox 599 1418 626 1436; x_wconf 74' lang='lat' dir='ltr'>v.</span> <span class='ocrx_word' id='word_1_135' title='bbox 646 1411 693 1437; x_wconf 92' lang='grc'>11.</span> <span class='ocrx_word' id='word_1_136' title='bbox 709 1408 746 1437; x_wconf 78' lang='lat' dir='ltr'>vi.</span> <span class='ocrx_word' id='word_1_137' title='bbox 763 1412 815 1439; x_wconf 88' lang='lat'>50.</span> <span class='ocrx_word' id='word_1_138' title='bbox 830 1409 880 1438; x_wconf 77' lang='lat' dir='ltr'>vii.</span> <span class='ocrx_word' id='word_1_139' title='bbox 900 1413 947 1440; x_wconf 81' lang='grc'>10.</span> 
     </span>
     <span class='ocr_line' id='line_1_30' title="bbox 292 1449 943 1482; baseline 0.008 -5"><span class='ocrx_word' id='word_1_140' title='bbox 292 1459 311 1477; x_wconf 94' lang='grc'><strong>3</strong></span> <span class='ocrx_word' id='word_1_141' title='bbox 329 1449 428 1479; x_wconf 83' lang='lat' dir='ltr'>Dario</span> <span class='ocrx_word' id='word_1_142' title='bbox 444 1449 628 1480; x_wconf 89' lang='lat' dir='ltr'>defectionis</span> <span class='ocrx_word' id='word_1_143' title='bbox 644 1450 763 1480; x_wconf 89' lang='lat' dir='ltr'>Ionum</span> <span class='ocrx_word' id='word_1_144' title='bbox 778 1451 943 1482; x_wconf 86' lang='lat' dir='ltr'>insimula—</span> 
     </span>
     <span class='ocr_line' id='line_1_31' title="bbox 291 1493 946 1534; baseline 0.006 -13"><span class='ocrx_word' id='word_1_145' title='bbox 291 1498 350 1525; x_wconf 83' lang='lat' dir='ltr'>tus,</span> <span class='ocrx_word' id='word_1_146' title='bbox 370 1503 396 1521; x_wconf 62' lang='lat' dir='ltr'>r.</span> <span class='ocrx_word' id='word_1_147' title='bbox 417 1496 485 1523; x_wconf 79' lang='grc'><strong>106.</strong></span> <span class='ocrx_word' id='word_1_148' title='bbox 511 1493 726 1534; x_wconf 75' lang='lat' dir='ltr'>Aristagoran]</span> <span class='ocrx_word' id='word_1_149' title='bbox 743 1495 783 1524; x_wconf 89' lang='lat' dir='ltr'>ad</span> <span class='ocrx_word' id='word_1_150' title='bbox 797 1495 946 1525; x_wconf 89' lang='lat' dir='ltr'>defectio-</span> 
     </span>
     <span class='ocr_line' id='line_1_32' title="bbox 291 1536 944 1575; baseline 0.008 -11"><span class='ocrx_word' id='word_1_151' title='bbox 291 1545 364 1564; x_wconf 86' lang='lat' dir='ltr'>nem</span> <span class='ocrx_word' id='word_1_152' title='bbox 388 1546 484 1575; x_wconf 84' lang='lat' dir='ltr'>quam</span> <span class='ocrx_word' id='word_1_153' title='bbox 506 1536 628 1566; x_wconf 88' lang='lat' dir='ltr'>occulte</span> <span class='ocrx_word' id='word_1_154' title='bbox 651 1536 831 1569; x_wconf 67' lang='lat' dir='ltr'>sollicitarit.</span> <span class='ocrx_word' id='word_1_155' title='bbox 849 1549 876 1568; x_wconf 89' lang='lat' dir='ltr'>v.</span> <span class='ocrx_word' id='word_1_156' title='bbox 893 1543 944 1569; x_wconf 97' lang='grc'>55.</span> 
     </span>
     <span class='ocr_line' id='line_1_33' title="bbox 290 1578 942 1620; baseline 0.006 -13"><span class='ocrx_word' id='word_1_157' title='bbox 290 1578 358 1617; x_wconf 70' lang='lat' dir='ltr'>ejus</span> <span class='ocrx_word' id='word_1_158' title='bbox 381 1578 420 1608; x_wconf 85' lang='lat' dir='ltr'>ad</span> <span class='ocrx_word' id='word_1_159' title='bbox 442 1589 528 1609; x_wconf 87' lang='lat' dir='ltr'>mare</span> <span class='ocrx_word' id='word_1_160' title='bbox 550 1579 637 1620; x_wconf 82' lang='lat' dir='ltr'>fuga,</span> <span class='ocrx_word' id='word_1_161' title='bbox 661 1580 700 1609; x_wconf 74' lang='lat' dir='ltr'>vi.</span> <span class='ocrx_word' id='word_1_162' title='bbox 723 1584 752 1611; x_wconf 87' lang='lat'>2.</span> <span class='ocrx_word' id='word_1_163' title='bbox 772 1591 790 1610; x_wconf 90' lang='lat' dir='ltr'>a</span> <span class='ocrx_word' id='word_1_164' title='bbox 808 1581 894 1612; x_wconf 82' lang='lat' dir='ltr'>Chiis</span> <span class='ocrx_word' id='word_1_165' title='bbox 910 1582 942 1611; x_wconf 83' lang='lat' dir='ltr'>in</span> 
     </span>
     <span class='ocr_line' id='line_1_34' title="bbox 290 1621 946 1663; baseline 0.008 -13"><span class='ocrx_word' id='word_1_166' title='bbox 290 1621 417 1651; x_wconf 73' lang='lat' dir='ltr'>vincula</span> <span class='ocrx_word' id='word_1_167' title='bbox 439 1623 609 1663; x_wconf 84' lang='lat' dir='ltr'>conjectus,</span> <span class='ocrx_word' id='word_1_168' title='bbox 632 1622 687 1652; x_wconf 87' lang='lat' dir='ltr'>sed</span> <span class='ocrx_word' id='word_1_169' title='bbox 706 1623 856 1654; x_wconf 79' lang='lat' dir='ltr'>liberatus</span> <span class='ocrx_word' id='word_1_170' title='bbox 871 1635 946 1655; x_wconf 92' lang='lat' dir='ltr'>con-</span> 
     </span>
     <span class='ocr_line' id='line_1_35' title="bbox 292 1664 947 1705; baseline 0.008 -12"><span class='ocrx_word' id='word_1_171' title='bbox 292 1664 361 1693; x_wconf 92' lang='lat' dir='ltr'>silio</span> <span class='ocrx_word' id='word_1_172' title='bbox 389 1665 456 1705; x_wconf 86' lang='lat' dir='ltr'>ejus</span> <span class='ocrx_word' id='word_1_173' title='bbox 479 1665 649 1701; x_wconf 83' lang='lat' dir='ltr'>intellecto,</span> <span class='ocrx_word' id='word_1_174' title='bbox 674 1667 713 1696; x_wconf 86' lang='lat' dir='ltr'>vi.</span> <span class='ocrx_word' id='word_1_175' title='bbox 738 1671 767 1696; x_wconf 83' lang='lat'>2.</span> <span class='ocrx_word' id='word_1_176' title='bbox 794 1667 947 1698; x_wconf 83' lang='lat' dir='ltr'>Miletum</span> 
     </span>
     <span class='ocr_line' id='line_1_36' title="bbox 289 1707 944 1749; baseline 0.006 -12"><span class='ocrx_word' id='word_1_177' title='bbox 289 1707 448 1744; x_wconf 76' lang='lat' dir='ltr'>reductus,</span> <span class='ocrx_word' id='word_1_178' title='bbox 473 1719 491 1738; x_wconf 87' lang='lat' dir='ltr'>a</span> <span class='ocrx_word' id='word_1_179' title='bbox 506 1709 620 1749; x_wconf 91' lang='lat' dir='ltr'>quibus</span> <span class='ocrx_word' id='word_1_180' title='bbox 635 1709 774 1749; x_wconf 80' lang='lat' dir='ltr'>rejicitur</span> <span class='ocrx_word' id='word_1_181' title='bbox 788 1718 817 1740; x_wconf 89' lang='lat' dir='ltr'>et</span> <span class='ocrx_word' id='word_1_182' title='bbox 833 1710 944 1741; x_wconf 84' lang='lat' dir='ltr'>vulne-</span> 
     </span>
     <span class='ocr_line' id='line_1_37' title="bbox 289 1752 943 1793; baseline 0.006 -13"><span class='ocrx_word' id='word_1_183' title='bbox 289 1757 384 1785; x_wconf 81' lang='lat' dir='ltr'>ratur,</span> <span class='ocrx_word' id='word_1_184' title='bbox 402 1752 441 1782; x_wconf 81' lang='lat' dir='ltr'>vi.</span> <span class='ocrx_word' id='word_1_185' title='bbox 457 1756 485 1782; x_wconf 91' lang='lat'>5.</span> <span class='ocrx_word' id='word_1_186' title='bbox 500 1753 568 1792; x_wconf 89' lang='lat' dir='ltr'>ejus</span> <span class='ocrx_word' id='word_1_187' title='bbox 582 1762 631 1781; x_wconf 84' lang='lat' dir='ltr'>res</span> <span class='ocrx_word' id='word_1_188' title='bbox 645 1752 726 1782; x_wconf 88' lang='lat' dir='ltr'>circa</span> <span class='ocrx_word' id='word_1_189' title='bbox 743 1753 943 1793; x_wconf 82' lang='lat' dir='ltr'>Byzantium,</span> 
     </span>
     <span class='ocr_line' id='line_1_38' title="bbox 290 1794 945 1835; baseline 0.008 -13"><span class='ocrx_word' id='word_1_190' title='bbox 290 1794 330 1823; x_wconf 82' lang='lat' dir='ltr'>vi.</span> <span class='ocrx_word' id='word_1_191' title='bbox 345 1798 395 1825; x_wconf 82' lang='lat'>26.</span> <span class='ocrx_word' id='word_1_192' title='bbox 410 1805 459 1824; x_wconf 87' lang='lat' dir='ltr'>res</span> <span class='ocrx_word' id='word_1_193' title='bbox 481 1801 578 1835; x_wconf 84' lang='lat' dir='ltr'>gestae</span> <span class='ocrx_word' id='word_1_194' title='bbox 593 1802 701 1825; x_wconf 84' lang='lat' dir='ltr'>contra</span> <span class='ocrx_word' id='word_1_195' title='bbox 719 1796 822 1831; x_wconf 79' lang='lat' dir='ltr'>Chios,</span> <span class='ocrx_word' id='word_1_196' title='bbox 839 1797 877 1826; x_wconf 81' lang='lat' dir='ltr'>vi.</span> <span class='ocrx_word' id='word_1_197' title='bbox 894 1801 945 1827; x_wconf 83' lang='grc'>26.</span> 
     </span>
     <span class='ocr_line' id='line_1_39' title="bbox 288 1838 945 1874; baseline 0.006 -8"><span class='ocrx_word' id='word_1_198' title='bbox 288 1840 340 1866; x_wconf 92' lang='grc'>27.</span> <span class='ocrx_word' id='word_1_199' title='bbox 363 1845 471 1867; x_wconf 77' lang='lat' dir='ltr'>contra</span> <span class='ocrx_word' id='word_1_200' title='bbox 496 1838 638 1868; x_wconf 87' lang='lat' dir='ltr'>Thasum</span> <span class='ocrx_word' id='word_1_201' title='bbox 653 1839 824 1874; x_wconf 87' lang='lat' dir='ltr'>contendit,</span> <span class='ocrx_word' id='word_1_202' title='bbox 841 1840 879 1869; x_wconf 85' lang='lat' dir='ltr'>vi.</span> <span class='ocrx_word' id='word_1_203' title='bbox 895 1843 945 1870; x_wconf 88' lang='grc'>28.</span> 
     </span>
     <span class='ocr_line' id='line_1_40' title="bbox 287 1880 944 1920; baseline 0.005 -11"><span class='ocrx_word' id='word_1_204' title='bbox 287 1880 448 1920; x_wconf 86' lang='lat' dir='ltr'>quomodo</span> <span class='ocrx_word' id='word_1_205' title='bbox 475 1887 585 1920; x_wconf 89' lang='lat' dir='ltr'>captus</span> <span class='ocrx_word' id='word_1_206' title='bbox 622 1888 652 1911; x_wconf 90' lang='lat' dir='ltr'>et</span> <span class='ocrx_word' id='word_1_207' title='bbox 681 1881 872 1918; x_wconf 76' lang='lat' dir='ltr'>interfectus,</span> <span class='ocrx_word' id='word_1_208' title='bbox 905 1883 944 1912; x_wconf 88' lang='lat' dir='ltr'>vi.</span> 
     </span>
     <span class='ocr_line' id='line_1_41' title="bbox 290 1923 944 1964; baseline 0.006 -12"><span class='ocrx_word' id='word_1_209' title='bbox 290 1927 340 1953; x_wconf 87' lang='lat'>29.</span> <span class='ocrx_word' id='word_1_210' title='bbox 353 1923 386 1952; x_wconf 87' lang='lat' dir='ltr'>in</span> <span class='ocrx_word' id='word_1_211' title='bbox 401 1933 526 1953; x_wconf 84' lang='lat' dir='ltr'>crucem</span> <span class='ocrx_word' id='word_1_212' title='bbox 539 1923 681 1954; x_wconf 88' lang='lat' dir='ltr'>sublatus</span> <span class='ocrx_word' id='word_1_213' title='bbox 692 1926 730 1954; x_wconf 86' lang='lat' dir='ltr'>ab</span> <span class='ocrx_word' id='word_1_214' title='bbox 746 1926 944 1964; x_wconf 78' lang='lat' dir='ltr'>Artapherne</span> 
     </span>
     <span class='ocr_line' id='line_1_42' title="bbox 288 1966 943 2027; baseline 0.006 -32"><span class='ocrx_word' id='word_1_215' title='bbox 288 1972 319 1995; x_wconf 89' lang='lat' dir='ltr'>et</span> <span class='ocrx_word' id='word_1_216' title='bbox 337 1966 502 2027; x_wconf 70' lang='lat' dir='ltr'>HarpagQ</span> <span class='ocrx_word' id='word_1_217' title='bbox 517 1967 557 1996; x_wconf 61' lang='lat' dir='ltr'>xi.</span> <span class='ocrx_word' id='word_1_218' title='bbox 570 1971 621 1997; x_wconf 86' lang='grc'>50</span> <span class='ocrx_word' id='word_1_219' title='bbox 645 1968 711 2007; x_wconf 85' lang='lat' dir='ltr'>ejus</span> <span class='ocrx_word' id='word_1_220' title='bbox 734 1968 833 2007; x_wconf 80' lang='lat' dir='ltr'>gratia</span> <span class='ocrx_word' id='word_1_221' title='bbox 848 1969 943 1999; x_wconf 86' lang='lat' dir='ltr'>etiam</span> 
     </span>
     <span class='ocr_line' id='line_1_43' title="bbox 288 2009 760 2048; baseline 0.004 -10"><span class='ocrx_word' id='word_1_222' title='bbox 288 2010 404 2039; x_wconf 79' lang='lat' dir='ltr'>mortui</span> <span class='ocrx_word' id='word_1_223' title='bbox 421 2021 436 2039; x_wconf 80' lang='lat' dir='ltr'>a</span> <span class='ocrx_word' id='word_1_224' title='bbox 440 2009 505 2048; x_wconf 71' lang='lat' dir='ltr'>pud</span> <span class='ocrx_word' id='word_1_225' title='bbox 524 2010 668 2045; x_wconf 87' lang='lat' dir='ltr'>Darium,</span> <span class='ocrx_word' id='word_1_226' title='bbox 685 2011 760 2040; x_wconf 84' lang='lat' dir='ltr'><strong>ibid.</strong></span> 
     </span>
    </p>

    <p class='ocr_par' dir='ltr' id='par_1_18' title="bbox 248 2052 813 2092">
     <span class='ocr_line' id='line_1_44' title="bbox 248 2052 813 2092; baseline -0.002 -10"><span class='ocrx_word' id='word_1_227' title='bbox 248 2052 403 2083; x_wconf 67' lang='lat' dir='ltr'>Histiaeus</span> <span class='ocrx_word' id='word_1_228' title='bbox 422 2052 551 2092; x_wconf 79' lang='lat' dir='ltr'>Phylaci</span> <span class='ocrx_word' id='word_1_229' title='bbox 573 2060 668 2092; x_wconf 83' lang='lat' dir='ltr'>pater,</span> <span class='ocrx_word' id='word_1_230' title='bbox 686 2054 747 2083; x_wconf 82' lang='lat' dir='ltr'>viii.</span> <span class='ocrx_word' id='word_1_231' title='bbox 762 2058 813 2084; x_wconf 87' lang='lat'><strong>85.</strong></span> 
     </span>
    </p>

    <p class='ocr_par' dir='ltr' id='par_1_19' title="bbox 248 2095 943 2174">
     <span class='ocr_line' id='line_1_45' title="bbox 248 2095 943 2136; baseline 0.004 -11"><span class='ocrx_word' id='word_1_232' title='bbox 248 2095 404 2125; x_wconf 84' lang='lat' dir='ltr'>Histiaeus</span> <span class='ocrx_word' id='word_1_233' title='bbox 434 2097 566 2135; x_wconf 57' lang='lat' dir='ltr'>Tymnis</span> <span class='ocrx_word' id='word_1_234' title='bbox 591 2096 675 2126; x_wconf 90' lang='lat' dir='ltr'>filius</span> <span class='ocrx_word' id='word_1_235' title='bbox 699 2104 816 2136; x_wconf 84' lang='lat' dir='ltr'>captus,</span> <span class='ocrx_word' id='word_1_236' title='bbox 841 2108 869 2127; x_wconf 89' lang='lat' dir='ltr'>v.</span> <span class='ocrx_word' id='word_1_237' title='bbox 891 2102 943 2129; x_wconf 80' lang='lat'>57.</span> 
     </span>
     <span class='ocr_line' id='line_1_46' title="bbox 289 2138 791 2174; baseline 0.002 -6"><span class='ocrx_word' id='word_1_238' title='bbox 289 2138 352 2168; x_wconf 86' lang='lat' dir='ltr'>dux</span> <span class='ocrx_word' id='word_1_239' title='bbox 369 2139 402 2168; x_wconf 89' lang='lat' dir='ltr'>in</span> <span class='ocrx_word' id='word_1_240' title='bbox 419 2139 515 2169; x_wconf 69' lang='lat' dir='ltr'>classe</span> <span class='ocrx_word' id='word_1_241' title='bbox 533 2140 658 2174; x_wconf 74' lang='lat' dir='ltr'>Xerxis,</span> <span class='ocrx_word' id='word_1_242' title='bbox 672 2141 723 2169; x_wconf 77' lang='lat' dir='ltr'>vii.</span> <span class='ocrx_word' id='word_1_243' title='bbox 741 2144 791 2171; x_wconf 78' lang='lat'>98.</span> 
     </span>
    </p>

    <p class='ocr_par' dir='ltr' id='par_1_20' title="bbox 248 2182 945 2611">
     <span class='ocr_line' id='line_1_47' title="bbox 248 2182 945 2224; baseline 0.003 -13"><span class='ocrx_word' id='word_1_244' title='bbox 248 2182 413 2212; x_wconf 81' lang='lat' dir='ltr'>Homerus</span> <span class='ocrx_word' id='word_1_245' title='bbox 427 2183 527 2221; x_wconf 72' lang='lat' dir='ltr'>po&#39;e&#39;ta.</span> <span class='ocrx_word' id='word_1_246' title='bbox 545 2183 596 2212; x_wconf 76' lang='lat' dir='ltr'>vii.</span> <span class='ocrx_word' id='word_1_247' title='bbox 620 2187 691 2213; x_wconf 88' lang='lat'><strong>161.</strong></span> <span class='ocrx_word' id='word_1_248' title='bbox 707 2183 945 2224; x_wconf 83' lang='lat' dir='ltr'>quadringentis</span> 
     </span>
     <span class='ocr_line' id='line_1_48' title="bbox 289 2225 942 2261; baseline 0.005 -7"><span class='ocrx_word' id='word_1_249' title='bbox 289 2225 379 2255; x_wconf 86' lang='lat' dir='ltr'>annis</span> <span class='ocrx_word' id='word_1_250' title='bbox 394 2226 497 2255; x_wconf 72' lang='lat' dir='ltr'>extitit</span> <span class='ocrx_word' id='word_1_251' title='bbox 518 2233 591 2256; x_wconf 85' lang='lat' dir='ltr'>ante</span> <span class='ocrx_word' id='word_1_252' title='bbox 616 2226 829 2261; x_wconf 86' lang='lat' dir='ltr'>Herodotum,</span> <span class='ocrx_word' id='word_1_253' title='bbox 846 2228 877 2256; x_wconf 90' lang='lat' dir='ltr'>ii.</span> <span class='ocrx_word' id='word_1_254' title='bbox 893 2232 942 2258; x_wconf 88' lang='lat'>55.</span> 
     </span>
     <span class='ocr_line' id='line_1_49' title="bbox 289 2269 944 2309; baseline 0.005 -12"><span class='ocrx_word' id='word_1_255' title='bbox 289 2269 450 2298; x_wconf 81' lang='lat' dir='ltr'>veritatem</span> <span class='ocrx_word' id='word_1_256' title='bbox 474 2270 622 2309; x_wconf 84' lang='lat' dir='ltr'>cognovit</span> <span class='ocrx_word' id='word_1_257' title='bbox 645 2269 683 2298; x_wconf 86' lang='lat' dir='ltr'>de</span> <span class='ocrx_word' id='word_1_258' title='bbox 709 2269 882 2300; x_wconf 74' lang='lat' dir='ltr'>Alexandri</span> <span class='ocrx_word' id='word_1_259' title='bbox 913 2278 944 2300; x_wconf 87' lang='lat' dir='ltr'>et</span> 
     </span>
     <span class='ocr_line' id='line_1_50' title="bbox 291 2312 940 2347; baseline 0.003 -6"><span class='ocrx_word' id='word_1_260' title='bbox 291 2312 428 2342; x_wconf 56' lang='lat' dir='ltr'>Helenae</span> <span class='ocrx_word' id='word_1_261' title='bbox 453 2313 614 2347; x_wconf 82' lang='lat' dir='ltr'>erroribus,</span> <span class='ocrx_word' id='word_1_262' title='bbox 637 2312 668 2342; x_wconf 89' lang='lat' dir='ltr'>ii.</span> <span class='ocrx_word' id='word_1_263' title='bbox 698 2316 765 2343; x_wconf 93' lang='grc'><strong>116.</strong></span> <span class='ocrx_word' id='word_1_264' title='bbox 781 2313 869 2342; x_wconf 76' lang='lat' dir='ltr'>finxit</span> <span class='ocrx_word' id='word_1_265' title='bbox 885 2323 940 2343; x_wconf 83' lang='lat' dir='ltr'>no-</span> 
     </span>
     <span class='ocr_line' id='line_1_51' title="bbox 288 2355 941 2389; baseline 0.003 -5"><span class='ocrx_word' id='word_1_266' title='bbox 288 2365 363 2384; x_wconf 89' lang='lat' dir='ltr'>men</span> <span class='ocrx_word' id='word_1_267' title='bbox 388 2355 516 2389; x_wconf 81' lang='lat' dir='ltr'>Oceani,</span> <span class='ocrx_word' id='word_1_268' title='bbox 540 2355 572 2385; x_wconf 74' lang='grc'>11,</span> <span class='ocrx_word' id='word_1_269' title='bbox 597 2359 646 2386; x_wconf 89' lang='grc'>25.</span> <span class='ocrx_word' id='word_1_270' title='bbox 672 2356 809 2385; x_wconf 86' lang='lat' dir='ltr'>Homeri</span> <span class='ocrx_word' id='word_1_271' title='bbox 824 2355 885 2385; x_wconf 90' lang='lat' dir='ltr'>loci</span> <span class='ocrx_word' id='word_1_272' title='bbox 899 2356 941 2386; x_wconf 90' lang='lat' dir='ltr'>ci-</span> 
     </span>
     <span class='ocr_line' id='line_1_52' title="bbox 289 2398 942 2433; baseline 0.003 -6"><span class='ocrx_word' id='word_1_273' title='bbox 289 2398 352 2433; x_wconf 89' lang='lat' dir='ltr'>tati,</span> <span class='ocrx_word' id='word_1_274' title='bbox 381 2398 452 2428; x_wconf 84' lang='lat' dir='ltr'><strong>ibid.</strong></span> <span class='ocrx_word' id='word_1_275' title='bbox 491 2398 529 2428; x_wconf 81' lang='lat' dir='ltr'>iv¹</span> <span class='ocrx_word' id='word_1_276' title='bbox 559 2402 610 2430; x_wconf 83' lang='lat'>29.</span> <span class='ocrx_word' id='word_1_277' title='bbox 642 2398 779 2428; x_wconf 78' lang='lat' dir='ltr'>Homeri</span> <span class='ocrx_word' id='word_1_278' title='bbox 803 2399 942 2429; x_wconf 84' lang='lat' dir='ltr'>carmina</span> 
     </span>
     <span class='ocr_line' id='line_1_53' title="bbox 291 2441 942 2481; baseline 0.003 -11"><span class='ocrx_word' id='word_1_279' title='bbox 291 2442 396 2481; x_wconf 90' lang='lat' dir='ltr'>Argos</span> <span class='ocrx_word' id='word_1_280' title='bbox 418 2441 613 2476; x_wconf 82' lang='lat' dir='ltr'>celebrantia,</span> <span class='ocrx_word' id='word_1_281' title='bbox 638 2448 668 2471; x_wconf 93' lang='lat' dir='ltr'>et</span> <span class='ocrx_word' id='word_1_282' title='bbox 690 2441 761 2471; x_wconf 89' lang='lat' dir='ltr'>ideo</span> <span class='ocrx_word' id='word_1_283' title='bbox 784 2449 942 2472; x_wconf 89' lang='lat' dir='ltr'>summota</span> 
     </span>
     <span class='ocr_line' id='line_1_54' title="bbox 287 2484 942 2519; baseline 0.002 -5"><span class='ocrx_word' id='word_1_284' title='bbox 287 2495 306 2514; x_wconf 88' lang='lat' dir='ltr'>a</span> <span class='ocrx_word' id='word_1_285' title='bbox 323 2484 492 2519; x_wconf 74' lang='lat' dir='ltr'>Clisthene,</span> <span class='ocrx_word' id='word_1_286' title='bbox 510 2496 536 2514; x_wconf 76' lang='lat' dir='ltr'>V.</span> <span class='ocrx_word' id='word_1_287' title='bbox 562 2489 612 2515; x_wconf 88' lang='lat'>67.</span> <span class='ocrx_word' id='word_1_288' title='bbox 637 2485 772 2514; x_wconf 86' lang='lat' dir='ltr'>Homeri</span> <span class='ocrx_word' id='word_1_289' title='bbox 787 2495 852 2514; x_wconf 89' lang='lat' dir='ltr'>nou</span> <span class='ocrx_word' id='word_1_290' title='bbox 867 2493 942 2516; x_wconf 85' lang='lat' dir='ltr'>sunt</span> 
     </span>
     <span class='ocr_line' id='line_1_55' title="bbox 287 2527 940 2567; baseline 0.002 -10"><span class='ocrx_word' id='word_1_291' title='bbox 287 2537 394 2558; x_wconf 79' lang='lat' dir='ltr'>versus</span> <span class='ocrx_word' id='word_1_292' title='bbox 412 2527 528 2567; x_wconf 82' lang='lat' dir='ltr'>Cyprii,</span> <span class='ocrx_word' id='word_1_293' title='bbox 551 2528 582 2558; x_wconf 89' lang='lat' dir='ltr'>ii.</span> <span class='ocrx_word' id='word_1_294' title='bbox 600 2530 670 2558; x_wconf 88' lang='lat'><strong>117.</strong></span> <span class='ocrx_word' id='word_1_295' title='bbox 693 2538 750 2557; x_wconf 87' lang='lat' dir='ltr'>nec</span> <span class='ocrx_word' id='word_1_296' title='bbox 765 2527 845 2557; x_wconf 91' lang='lat' dir='ltr'>forte</span> <span class='ocrx_word' id='word_1_297' title='bbox 862 2528 940 2567; x_wconf 88' lang='lat' dir='ltr'><strong>Epi-</strong></span> 
     </span>
     <span class='ocr_line' id='line_1_56' title="bbox 289 2571 494 2611; baseline 0.01 -12"><span class='ocrx_word' id='word_1_298' title='bbox 289 2571 372 2611; x_wconf 84' lang='lat' dir='ltr'>goni,</span> <span class='ocrx_word' id='word_1_299' title='bbox 389 2571 429 2600; x_wconf 79' lang='lat' dir='ltr'>iv.</span> <span class='ocrx_word' id='word_1_300' title='bbox 443 2575 494 2601; x_wconf 81' lang='grc'>52.</span> 
     </span>
    </p>

    <p class='ocr_par' dir='ltr' id='par_1_21' title="bbox 247 2612 939 2998">
     <span class='ocr_line' id='line_1_57' title="bbox 247 2612 939 2655; baseline 0.001 -12"><span class='ocrx_word' id='word_1_301' title='bbox 247 2612 360 2643; x_wconf 85' lang='lat' dir='ltr'>Homo</span> <span class='ocrx_word' id='word_1_302' title='bbox 372 2624 389 2643; x_wconf 86' lang='lat' dir='ltr'>e</span> <span class='ocrx_word' id='word_1_303' title='bbox 401 2614 461 2644; x_wconf 91' lang='lat' dir='ltr'>deo</span> <span class='ocrx_word' id='word_1_304' title='bbox 477 2624 541 2644; x_wconf 90' lang='lat' dir='ltr'>non</span> <span class='ocrx_word' id='word_1_305' title='bbox 553 2614 703 2655; x_wconf 85' lang='lat' dir='ltr'>gignitur,</span> <span class='ocrx_word' id='word_1_306' title='bbox 717 2614 748 2644; x_wconf 87' lang='lat' dir='ltr'>ii.</span> <span class='ocrx_word' id='word_1_307' title='bbox 766 2617 833 2643; x_wconf 70' lang='lat'><strong>143.</strong></span> <span class='ocrx_word' id='word_1_308' title='bbox 844 2614 939 2645; x_wconf 87' lang='lat' dir='ltr'>homo</span> 
     </span>
     <span class='ocr_line' id='line_1_58' title="bbox 284 2657 939 2696; baseline 0.003 -11"><span class='ocrx_word' id='word_1_309' title='bbox 284 2657 446 2686; x_wconf 87' lang='lat' dir='ltr'>hominem</span> <span class='ocrx_word' id='word_1_310' title='bbox 482 2657 548 2687; x_wconf 88' lang='lat' dir='ltr'>fato</span> <span class='ocrx_word' id='word_1_311' title='bbox 590 2657 785 2696; x_wconf 87' lang='lat' dir='ltr'>impendenti</span> <span class='ocrx_word' id='word_1_312' title='bbox 820 2657 939 2696; x_wconf 83' lang='lat' dir='ltr'>eripere</span> 
     </span>
     <span class='ocr_line' id='line_1_59' title="bbox 285 2700 939 2737; baseline 0.002 -9"><span class='ocrx_word' id='word_1_313' title='bbox 285 2709 351 2729; x_wconf 91' lang='lat' dir='ltr'>non</span> <span class='ocrx_word' id='word_1_314' title='bbox 367 2706 474 2737; x_wconf 75' lang='lat' dir='ltr'>potest</span> <span class='ocrx_word' id='word_1_315' title='bbox 492 2700 535 2730; x_wconf 81' lang='lat' dir='ltr'>iii.</span> <span class='ocrx_word' id='word_1_316' title='bbox 551 2704 602 2731; x_wconf 75' lang='lat'>43.</span> <span class='ocrx_word' id='word_1_317' title='bbox 626 2703 666 2730; x_wconf 79' lang='lat' dir='ltr'>ix.</span> <span class='ocrx_word' id='word_1_318' title='bbox 686 2704 733 2731; x_wconf 88' lang='grc'>16.</span> <span class='ocrx_word' id='word_1_319' title='bbox 755 2700 788 2729; x_wconf 87' lang='grc'>111</span> <span class='ocrx_word' id='word_1_320' title='bbox 802 2700 939 2730; x_wconf 87' lang='lat' dir='ltr'>hominis</span> 
     </span>
     <span class='ocr_line' id='line_1_60' title="bbox 287 2743 939 2784; baseline 0.002 -12"><span class='ocrx_word' id='word_1_321' title='bbox 287 2749 401 2772; x_wconf 85' lang='lat' dir='ltr'>natura</span> <span class='ocrx_word' id='word_1_322' title='bbox 416 2744 513 2772; x_wconf 89' lang='lat' dir='ltr'>situm</span> <span class='ocrx_word' id='word_1_323' title='bbox 536 2753 601 2773; x_wconf 90' lang='lat' dir='ltr'>non</span> <span class='ocrx_word' id='word_1_324' title='bbox 621 2744 667 2773; x_wconf 86' lang='lat' dir='ltr'>est&#39;</span> <span class='ocrx_word' id='word_1_325' title='bbox 692 2750 828 2773; x_wconf 85' lang='lat' dir='ltr'>avertere</span> <span class='ocrx_word' id='word_1_326' title='bbox 852 2743 939 2784; x_wconf 90' lang='lat' dir='ltr'>quod</span> 
     </span>
     <span class='ocr_line' id='line_1_61' title="bbox 288 2785 936 2822; baseline 0.003 -8"><span class='ocrx_word' id='word_1_327' title='bbox 288 2785 328 2815; x_wconf 89' lang='lat' dir='ltr'>sit</span> <span class='ocrx_word' id='word_1_328' title='bbox 349 2792 544 2822; x_wconf 84' lang='lat' dir='ltr'>eventurum,</span> <span class='ocrx_word' id='word_1_329' title='bbox 560 2786 603 2816; x_wconf 83' lang='lat' dir='ltr'>iii.</span> <span class='ocrx_word' id='word_1_330' title='bbox 625 2791 675 2817; x_wconf 87' lang='lat'>64.</span> <span class='ocrx_word' id='word_1_331' title='bbox 691 2787 853 2816; x_wconf 87' lang='lat' dir='ltr'>hominem</span> <span class='ocrx_word' id='word_1_332' title='bbox 869 2797 936 2816; x_wconf 90' lang='lat' dir='ltr'>om-</span> 
     </span>
     <span class='ocr_line' id='line_1_62' title="bbox 288 2829 938 2869; baseline 0.005 -12"><span class='ocrx_word' id='word_1_333' title='bbox 288 2829 341 2858; x_wconf 87' lang='lat' dir='ltr'>nia</span> <span class='ocrx_word' id='word_1_334' title='bbox 364 2830 511 2869; x_wconf 87' lang='lat' dir='ltr'>consequi</span> <span class='ocrx_word' id='word_1_335' title='bbox 535 2836 580 2859; x_wconf 88' lang='lat' dir='ltr'>est</span> <span class='ocrx_word' id='word_1_336' title='bbox 606 2829 805 2868; x_wconf 86' lang='lat' dir='ltr'>impossibile,</span> <span class='ocrx_word' id='word_1_337' title='bbox 836 2830 857 2859; x_wconf 90' lang='lat' dir='ltr'>i.</span> <span class='ocrx_word' id='word_1_338' title='bbox 886 2833 938 2860; x_wconf 90' lang='grc'>52.</span> 
     </span>
     <span class='ocr_line' id='line_1_63' title="bbox 286 2871 937 2912; baseline 0.002 -11"><span class='ocrx_word' id='word_1_339' title='bbox 286 2871 454 2902; x_wconf 90' lang='lat' dir='ltr'>hominum</span> <span class='ocrx_word' id='word_1_340' title='bbox 482 2872 671 2912; x_wconf 86' lang='lat' dir='ltr'>injuriorum</span> <span class='ocrx_word' id='word_1_341' title='bbox 694 2880 740 2902; x_wconf 84' lang='lat' dir='ltr'>est</span> <span class='ocrx_word' id='word_1_342' title='bbox 762 2882 869 2911; x_wconf 85' lang='lat' dir='ltr'>rapere</span> <span class='ocrx_word' id='word_1_343' title='bbox 891 2872 937 2902; x_wconf 88' lang='lat' dir='ltr'>fe-</span> 
     </span>
     <span class='ocr_line' id='line_1_64' title="bbox 286 2915 939 2954; baseline 0.002 -10"><span class='ocrx_word' id='word_1_344' title='bbox 286 2915 400 2945; x_wconf 87' lang='lat' dir='ltr'>minas:</span> <span class='ocrx_word' id='word_1_345' title='bbox 449 2916 546 2954; x_wconf 85' lang='lat' dir='ltr'>raptis</span> <span class='ocrx_word' id='word_1_346' title='bbox 580 2915 768 2945; x_wconf 83' lang='lat' dir='ltr'>ulciscendis</span> <span class='ocrx_word' id='word_1_347' title='bbox 813 2926 939 2954; x_wconf 84' lang='lat' dir='ltr'>operam</span> 
     </span>
     <span class='ocr_line' id='line_1_65' title="bbox 283 2957 938 2998; baseline 0.003 -11"><span class='ocrx_word' id='word_1_348' title='bbox 283 2957 357 2988; x_wconf 80' lang='lat' dir='ltr'>dare</span> <span class='ocrx_word' id='word_1_349' title='bbox 385 2959 576 2990; x_wconf 86' lang='lat' dir='ltr'>amentium:</span> <span class='ocrx_word' id='word_1_350' title='bbox 628 2958 843 2998; x_wconf 70' lang='lat' dir='ltr'>prudentium,</span> <span class='ocrx_word' id='word_1_351' title='bbox 880 2968 938 2997; x_wconf 89' lang='lat' dir='ltr'>pro</span> 
     </span>
    </p>
   </div>
   <div class='ocr_carea' id='block_1_3' title="bbox 984 247 1694 2995">
    <p class='ocr_par' dir='ltr' id='par_1_22' title="bbox 1031 247 1694 1233">
     <span class='ocr_line' id='line_1_66' title="bbox 1045 247 1693 289; baseline 0.006 -13"><span class='ocrx_word' id='word_1_352' title='bbox 1045 247 1135 277; x_wconf 88' lang='lat' dir='ltr'>nulla</span> <span class='ocrx_word' id='word_1_353' title='bbox 1170 248 1283 279; x_wconf 84' lang='lat' dir='ltr'>habere</span> <span class='ocrx_word' id='word_1_354' title='bbox 1318 257 1479 289; x_wconf 82' lang='lat' dir='ltr'>raptarum</span> <span class='ocrx_word' id='word_1_355' title='bbox 1509 249 1693 288; x_wconf 80' lang='lat' dir='ltr'>pulcritudi-</span> 
     </span>
     <span class='ocr_line' id='line_1_67' title="bbox 1043 290 1694 332; baseline 0.005 -13"><span class='ocrx_word' id='word_1_356' title='bbox 1043 300 1126 325; x_wconf 87' lang='lat' dir='ltr'>nem,</span> <span class='ocrx_word' id='word_1_357' title='bbox 1153 290 1172 319; x_wconf 93' lang='lat' dir='ltr'>i.</span> <span class='ocrx_word' id='word_1_358' title='bbox 1197 295 1226 321; x_wconf 90' lang='lat'>4.</span> <span class='ocrx_word' id='word_1_359' title='bbox 1252 292 1371 321; x_wconf 87' lang='lat' dir='ltr'>homini</span> <span class='ocrx_word' id='word_1_360' title='bbox 1392 293 1489 322; x_wconf 83' lang='lat' dir='ltr'>satius</span> <span class='ocrx_word' id='word_1_361' title='bbox 1502 292 1582 322; x_wconf 87' lang='lat' dir='ltr'>mori</span> <span class='ocrx_word' id='word_1_362' title='bbox 1597 303 1694 332; x_wconf 89' lang='lat' dir='ltr'>quam</span> 
     </span>
     <span class='ocr_line' id='line_1_68' title="bbox 1041 333 1692 371; baseline 0.005 -9"><span class='ocrx_word' id='word_1_363' title='bbox 1041 333 1150 369; x_wconf 78' lang='lat' dir='ltr'>vivere,</span> <span class='ocrx_word' id='word_1_364' title='bbox 1177 333 1196 363; x_wconf 92' lang='lat' dir='ltr'>i.</span> <span class='ocrx_word' id='word_1_365' title='bbox 1225 338 1277 364; x_wconf 89' lang='lat'>51.</span> <span class='ocrx_word' id='word_1_366' title='bbox 1298 335 1382 365; x_wconf 86' lang='lat' dir='ltr'>mala</span> <span class='ocrx_word' id='word_1_367' title='bbox 1411 335 1513 365; x_wconf 82' lang='lat' dir='ltr'>multa</span> <span class='ocrx_word' id='word_1_368' title='bbox 1534 336 1692 371; x_wconf 79' lang='lat' dir='ltr'>eveniunt,</span> 
     </span>
     <span class='ocr_line' id='line_1_69' title="bbox 1040 375 1690 408; baseline 0.005 -3"><span class='ocrx_word' id='word_1_369' title='bbox 1040 375 1083 405; x_wconf 90' lang='grc'><strong>111.</strong></span> <span class='ocrx_word' id='word_1_370' title='bbox 1105 380 1156 406; x_wconf 87' lang='grc'>55.</span> <span class='ocrx_word' id='word_1_371' title='bbox 1177 377 1320 406; x_wconf 90' lang='lat' dir='ltr'>homines</span> <span class='ocrx_word' id='word_1_372' title='bbox 1339 378 1375 406; x_wconf 89' lang='lat' dir='ltr'>in</span> <span class='ocrx_word' id='word_1_373' title='bbox 1395 378 1522 408; x_wconf 87' lang='lat' dir='ltr'>arbitrio</span> <span class='ocrx_word' id='word_1_374' title='bbox 1542 378 1690 408; x_wconf 86' lang='lat' dir='ltr'>fortuito-</span> 
     </span>
     <span class='ocr_line' id='line_1_70' title="bbox 1039 420 1692 453; baseline 0.003 -5"><span class='ocrx_word' id='word_1_375' title='bbox 1039 428 1112 448; x_wconf 87' lang='lat' dir='ltr'>rum</span> <span class='ocrx_word' id='word_1_376' title='bbox 1127 426 1158 449; x_wconf 90' lang='lat' dir='ltr'>et</span> <span class='ocrx_word' id='word_1_377' title='bbox 1173 430 1237 449; x_wconf 88' lang='lat' dir='ltr'>non</span> <span class='ocrx_word' id='word_1_378' title='bbox 1252 427 1367 453; x_wconf 84' lang='lat' dir='ltr'>contra,</span> <span class='ocrx_word' id='word_1_379' title='bbox 1384 421 1434 450; x_wconf 79' lang='lat' dir='ltr'>vii.</span> <span class='ocrx_word' id='word_1_380' title='bbox 1449 425 1499 452; x_wconf 79' lang='lat'>49.</span> <span class='ocrx_word' id='word_1_381' title='bbox 1515 421 1610 451; x_wconf 90' lang='lat' dir='ltr'>homo</span> <span class='ocrx_word' id='word_1_382' title='bbox 1633 420 1692 450; x_wconf 86' lang='lat' dir='ltr'>sibi</span> 
     </span>
     <span class='ocr_line' id='line_1_71' title="bbox 1041 461 1690 500; baseline 0.005 -10"><span class='ocrx_word' id='word_1_383' title='bbox 1041 461 1198 492; x_wconf 88' lang='lat' dir='ltr'>malorum</span> <span class='ocrx_word' id='word_1_384' title='bbox 1220 469 1318 497; x_wconf 86' lang='lat' dir='ltr'>autor,</span> <span class='ocrx_word' id='word_1_385' title='bbox 1343 473 1408 493; x_wconf 89' lang='lat' dir='ltr'>non</span> <span class='ocrx_word' id='word_1_386' title='bbox 1430 463 1515 500; x_wconf 87' lang='lat' dir='ltr'>deus,</span> <span class='ocrx_word' id='word_1_387' title='bbox 1533 464 1551 493; x_wconf 92' lang='lat' dir='ltr'>i.</span> <span class='ocrx_word' id='word_1_388' title='bbox 1570 468 1619 494; x_wconf 88' lang='lat'>91.</span> <span class='ocrx_word' id='word_1_389' title='bbox 1634 465 1690 493; x_wconf 91' lang='lat' dir='ltr'>ho-</span> 
     </span>
     <span class='ocr_line' id='line_1_72' title="bbox 1040 505 1693 547; baseline 0.005 -14"><span class='ocrx_word' id='word_1_390' title='bbox 1040 505 1140 534; x_wconf 78' lang='lat' dir='ltr'>mines</span> <span class='ocrx_word' id='word_1_391' title='bbox 1169 505 1280 535; x_wconf 85' lang='lat' dir='ltr'>molles</span> <span class='ocrx_word' id='word_1_392' title='bbox 1308 505 1412 536; x_wconf 88' lang='lat' dir='ltr'>mollis</span> <span class='ocrx_word' id='word_1_393' title='bbox 1439 507 1500 536; x_wconf 85' lang='lat' dir='ltr'>fert</span> <span class='ocrx_word' id='word_1_394' title='bbox 1527 507 1622 547; x_wconf 88' lang='lat' dir='ltr'>regio,</span> <span class='ocrx_word' id='word_1_395' title='bbox 1649 506 1693 536; x_wconf 84' lang='lat' dir='ltr'>ix.</span> 
     </span>
     <span class='ocr_line' id='line_1_73' title="bbox 1039 548 1689 589; baseline 0.003 -12"><span class='ocrx_word' id='word_1_396' title='bbox 1039 549 1096 578; x_wconf 80' lang='lat' dir='ltr'><strong>ult.</strong></span> <span class='ocrx_word' id='word_1_397' title='bbox 1121 558 1208 578; x_wconf 89' lang='lat' dir='ltr'>nunc</span> <span class='ocrx_word' id='word_1_398' title='bbox 1233 549 1307 578; x_wconf 91' lang='lat' dir='ltr'>boni</span> <span class='ocrx_word' id='word_1_399' title='bbox 1333 548 1365 578; x_wconf 89' lang='lat' dir='ltr'>in</span> <span class='ocrx_word' id='word_1_400' title='bbox 1390 560 1506 589; x_wconf 76' lang='lat' dir='ltr'>pugna,</span> <span class='ocrx_word' id='word_1_401' title='bbox 1531 549 1593 579; x_wconf 88' lang='lat' dir='ltr'>alio</span> <span class='ocrx_word' id='word_1_402' title='bbox 1607 556 1689 579; x_wconf 88' lang='lat' dir='ltr'>tem-</span> 
     </span>
     <span class='ocr_line' id='line_1_74' title="bbox 1039 592 1689 632; baseline 0.003 -12"><span class='ocrx_word' id='word_1_403' title='bbox 1039 601 1116 629; x_wconf 86' lang='lat' dir='ltr'>pore</span> <span class='ocrx_word' id='word_1_404' title='bbox 1137 598 1270 630; x_wconf 87' lang='lat' dir='ltr'>possunt</span> <span class='ocrx_word' id='word_1_405' title='bbox 1292 602 1358 621; x_wconf 86' lang='lat' dir='ltr'>esse</span> <span class='ocrx_word' id='word_1_406' title='bbox 1373 602 1491 632; x_wconf 86' lang='lat' dir='ltr'>segnes,</span> <span class='ocrx_word' id='word_1_407' title='bbox 1508 592 1550 623; x_wconf 78' lang='lat' dir='ltr'>ix,</span> <span class='ocrx_word' id='word_1_408' title='bbox 1566 596 1615 622; x_wconf 90' lang='lat'>27.</span> <span class='ocrx_word' id='word_1_409' title='bbox 1631 594 1689 622; x_wconf 91' lang='lat' dir='ltr'>ho-</span> 
     </span>
     <span class='ocr_line' id='line_1_75' title="bbox 1039 633 1688 674; baseline 0.005 -12"><span class='ocrx_word' id='word_1_410' title='bbox 1039 633 1140 663; x_wconf 74' lang='lat' dir='ltr'>mines</span> <span class='ocrx_word' id='word_1_411' title='bbox 1155 634 1294 670; x_wconf 85' lang='lat' dir='ltr'>unoculi,</span> <span class='ocrx_word' id='word_1_412' title='bbox 1318 646 1344 665; x_wconf 81' lang='lat' dir='ltr'>v.</span> <span class='ocrx_word' id='word_1_413' title='bbox 1362 635 1522 674; x_wconf 85' lang='lat' dir='ltr'>Arimaspi</span> <span class='ocrx_word' id='word_1_414' title='bbox 1536 635 1688 670; x_wconf 86' lang='lat' dir='ltr'>homines,</span> 
     </span>
     <span class='ocr_line' id='line_1_76' title="bbox 1039 676 1691 708; baseline 0.005 -3"><span class='ocrx_word' id='word_1_415' title='bbox 1039 676 1097 705; x_wconf 87' lang='lat' dir='ltr'>viri</span> <span class='ocrx_word' id='word_1_416' title='bbox 1120 683 1150 706; x_wconf 87' lang='lat' dir='ltr'>et</span> <span class='ocrx_word' id='word_1_417' title='bbox 1171 677 1298 707; x_wconf 88' lang='lat' dir='ltr'>feminae</span> <span class='ocrx_word' id='word_1_418' title='bbox 1321 677 1400 707; x_wconf 78' lang='lat' dir='ltr'>calvi</span> <span class='ocrx_word' id='word_1_419' title='bbox 1421 685 1583 708; x_wconf 82' lang='lat' dir='ltr'>nascentes</span> <span class='ocrx_word' id='word_1_420' title='bbox 1605 678 1691 708; x_wconf 87' lang='lat' dir='ltr'>simis</span> 
     </span>
     <span class='ocr_line' id='line_1_77' title="bbox 1040 719 1687 760; baseline 0.006 -12"><span class='ocrx_word' id='word_1_421' title='bbox 1040 719 1167 749; x_wconf 89' lang='lat' dir='ltr'>naribus</span> <span class='ocrx_word' id='word_1_422' title='bbox 1182 727 1213 750; x_wconf 84' lang='lat' dir='ltr'>et</span> <span class='ocrx_word' id='word_1_423' title='bbox 1233 720 1356 760; x_wconf 81' lang='lat' dir='ltr'>ingenti</span> <span class='ocrx_word' id='word_1_424' title='bbox 1377 728 1493 756; x_wconf 90' lang='lat' dir='ltr'>mento,</span> <span class='ocrx_word' id='word_1_425' title='bbox 1509 721 1548 750; x_wconf 82' lang='lat' dir='ltr'>iv.</span> <span class='ocrx_word' id='word_1_426' title='bbox 1565 725 1614 751; x_wconf 84' lang='grc'>25.</span> <span class='ocrx_word' id='word_1_427' title='bbox 1629 722 1687 752; x_wconf 85' lang='grc'><strong>110-</strong></span> 
     </span>
     <span class='ocr_line' id='line_1_78' title="bbox 1039 763 1685 799; baseline 0.003 -8"><span class='ocrx_word' id='word_1_428' title='bbox 1039 763 1140 792; x_wconf 87' lang='lat' dir='ltr'>mines</span> <span class='ocrx_word' id='word_1_429' title='bbox 1163 763 1344 793; x_wconf 85' lang='lat' dir='ltr'>hominibus</span> <span class='ocrx_word' id='word_1_430' title='bbox 1371 770 1536 799; x_wconf 62' lang='lat' dir='ltr'>vescentes,</span> <span class='ocrx_word' id='word_1_431' title='bbox 1564 764 1584 794; x_wconf 91' lang='lat' dir='ltr'>i.</span> <span class='ocrx_word' id='word_1_432' title='bbox 1611 768 1685 795; x_wconf 84' lang='lat'><strong>216.</strong></span> 
     </span>
     <span class='ocr_line' id='line_1_79' title="bbox 1039 805 1690 837; baseline 0.005 -3"><span class='ocrx_word' id='word_1_433' title='bbox 1039 805 1081 834; x_wconf 87' lang='lat' dir='ltr'>iii.</span> <span class='ocrx_word' id='word_1_434' title='bbox 1115 810 1163 836; x_wconf 87' lang='lat'>99.</span> <span class='ocrx_word' id='word_1_435' title='bbox 1186 807 1330 836; x_wconf 86' lang='lat' dir='ltr'>homines</span> <span class='ocrx_word' id='word_1_436' title='bbox 1355 817 1446 836; x_wconf 87' lang='lat' dir='ltr'>senos</span> <span class='ocrx_word' id='word_1_437' title='bbox 1471 817 1594 837; x_wconf 88' lang='lat' dir='ltr'>menses</span> <span class='ocrx_word' id='word_1_438' title='bbox 1619 806 1690 837; x_wconf 89' lang='lat' dir='ltr'>dor-</span> 
     </span>
     <span class='ocr_line' id='line_1_80' title="bbox 1039 847 1690 884; baseline 0.005 -7"><span class='ocrx_word' id='word_1_439' title='bbox 1039 847 1179 884; x_wconf 85' lang='lat' dir='ltr'>mientes,</span> <span class='ocrx_word' id='word_1_440' title='bbox 1213 849 1252 878; x_wconf 79' lang='lat' dir='ltr'>iv.</span> <span class='ocrx_word' id='word_1_441' title='bbox 1285 853 1336 879; x_wconf 85' lang='lat'>25.</span> <span class='ocrx_word' id='word_1_442' title='bbox 1364 850 1507 879; x_wconf 87' lang='lat' dir='ltr'>homines</span> <span class='ocrx_word' id='word_1_443' title='bbox 1535 849 1690 880; x_wconf 89' lang='lat' dir='ltr'>radicibus</span> 
     </span>
     <span class='ocr_line' id='line_1_81' title="bbox 1038 892 1690 932; baseline 0.006 -13"><span class='ocrx_word' id='word_1_444' title='bbox 1038 900 1204 926; x_wconf 76' lang='lat' dir='ltr'>vescentes,</span> <span class='ocrx_word' id='word_1_445' title='bbox 1241 892 1260 921; x_wconf 87' lang='lat' dir='ltr'>i.</span> <span class='ocrx_word' id='word_1_446' title='bbox 1287 896 1359 922; x_wconf 88' lang='grc'><strong>202.</strong></span> <span class='ocrx_word' id='word_1_447' title='bbox 1383 893 1525 923; x_wconf 90' lang='lat' dir='ltr'>homines</span> <span class='ocrx_word' id='word_1_448' title='bbox 1553 893 1690 932; x_wconf 85' lang='lat' dir='ltr'>piscibus</span> 
     </span>
     <span class='ocr_line' id='line_1_82' title="bbox 1038 934 1689 970; baseline 0.005 -7"><span class='ocrx_word' id='word_1_449' title='bbox 1038 934 1142 964; x_wconf 87' lang='lat' dir='ltr'>crudis</span> <span class='ocrx_word' id='word_1_450' title='bbox 1165 935 1347 970; x_wconf 71' lang='lat' dir='ltr'>victitantes,</span> <span class='ocrx_word' id='word_1_451' title='bbox 1372 935 1446 965; x_wconf 85' lang='lat' dir='ltr'><strong>ibid.</strong></span> <span class='ocrx_word' id='word_1_452' title='bbox 1468 937 1564 966; x_wconf 89' lang='lat' dir='ltr'>homo</span> <span class='ocrx_word' id='word_1_453' title='bbox 1579 935 1689 966; x_wconf 91' lang='lat' dir='ltr'>nullus</span> 
     </span>
     <span class='ocr_line' id='line_1_83' title="bbox 1037 976 1690 1018; baseline 0.005 -12"><span class='ocrx_word' id='word_1_454' title='bbox 1037 976 1104 1006; x_wconf 87' lang='lat' dir='ltr'>sine</span> <span class='ocrx_word' id='word_1_455' title='bbox 1128 977 1233 1018; x_wconf 90' lang='lat' dir='ltr'>aliquo</span> <span class='ocrx_word' id='word_1_456' title='bbox 1257 978 1350 1014; x_wconf 86' lang='lat' dir='ltr'>malo,</span> <span class='ocrx_word' id='word_1_457' title='bbox 1377 978 1428 1008; x_wconf 82' lang='lat' dir='ltr'>vii.</span> <span class='ocrx_word' id='word_1_458' title='bbox 1451 983 1529 1009; x_wconf 87' lang='grc'><strong>205.</strong></span> <span class='ocrx_word' id='word_1_459' title='bbox 1546 979 1690 1009; x_wconf 88' lang='lat' dir='ltr'>homines</span> 
     </span>
     <span class='ocr_line' id='line_1_84' title="bbox 1038 1021 1691 1060; baseline 0.005 -11"><span class='ocrx_word' id='word_1_460' title='bbox 1038 1021 1218 1060; x_wconf 80' lang='lat' dir='ltr'>capripedes</span> <span class='ocrx_word' id='word_1_461' title='bbox 1243 1022 1276 1050; x_wconf 89' lang='lat' dir='ltr'>in</span> <span class='ocrx_word' id='word_1_462' title='bbox 1299 1022 1467 1057; x_wconf 85' lang='lat' dir='ltr'>montibus,</span> <span class='ocrx_word' id='word_1_463' title='bbox 1494 1022 1533 1052; x_wconf 79' lang='lat' dir='ltr'>iv.</span> <span class='ocrx_word' id='word_1_464' title='bbox 1560 1025 1609 1053; x_wconf 88' lang='grc'>25.</span> <span class='ocrx_word' id='word_1_465' title='bbox 1634 1023 1691 1052; x_wconf 87' lang='grc'><strong>110-</strong></span> 
     </span>
     <span class='ocr_line' id='line_1_85' title="bbox 1035 1064 1686 1105; baseline 0.003 -13"><span class='ocrx_word' id='word_1_466' title='bbox 1035 1064 1139 1093; x_wconf 87' lang='lat' dir='ltr'>mines</span> <span class='ocrx_word' id='word_1_467' title='bbox 1161 1066 1321 1094; x_wconf 75' lang='lat' dir='ltr'>excoriant</span> <span class='ocrx_word' id='word_1_468' title='bbox 1346 1066 1477 1105; x_wconf 84' lang='lat' dir='ltr'>Scythae,</span> <span class='ocrx_word' id='word_1_469' title='bbox 1502 1066 1542 1094; x_wconf 72' lang='lat' dir='ltr'>iv.</span> <span class='ocrx_word' id='word_1_470' title='bbox 1565 1069 1615 1095; x_wconf 70' lang='grc'>64.</span> <span class='ocrx_word' id='word_1_471' title='bbox 1629 1066 1686 1095; x_wconf 87' lang='grc'><strong>110-</strong></span> 
     </span>
     <span class='ocr_line' id='line_1_86' title="bbox 1037 1106 1690 1147; baseline 0.005 -12"><span class='ocrx_word' id='word_1_472' title='bbox 1037 1106 1160 1136; x_wconf 86' lang='lat' dir='ltr'>minum</span> <span class='ocrx_word' id='word_1_473' title='bbox 1182 1107 1392 1147; x_wconf 85' lang='lat' dir='ltr'>quorumdam</span> <span class='ocrx_word' id='word_1_474' title='bbox 1415 1118 1489 1138; x_wconf 93' lang='lat' dir='ltr'>cum</span> <span class='ocrx_word' id='word_1_475' title='bbox 1503 1107 1690 1138; x_wconf 77' lang='lat' dir='ltr'>mulieribus</span> 
     </span>
     <span class='ocr_line' id='line_1_87' title="bbox 1037 1150 1688 1190; baseline 0.003 -11"><span class='ocrx_word' id='word_1_476' title='bbox 1037 1150 1222 1180; x_wconf 85' lang='lat' dir='ltr'>concubitus</span> <span class='ocrx_word' id='word_1_477' title='bbox 1243 1150 1277 1180; x_wconf 90' lang='lat' dir='ltr'>in</span> <span class='ocrx_word' id='word_1_478' title='bbox 1301 1150 1475 1190; x_wconf 86' lang='lat' dir='ltr'>propatulo,</span> <span class='ocrx_word' id='word_1_479' title='bbox 1501 1151 1522 1181; x_wconf 87' lang='lat' dir='ltr'>i.</span> <span class='ocrx_word' id='word_1_480' title='bbox 1545 1154 1617 1181; x_wconf 86' lang='lat'><strong>205.</strong></span> <span class='ocrx_word' id='word_1_481' title='bbox 1631 1161 1688 1181; x_wconf 85' lang='lat' dir='ltr'>cu-</span> 
     </span>
     <span class='ocr_line' id='line_1_88' title="bbox 1031 1192 1409 1233; baseline 0.005 -11"><span class='ocrx_word' id='word_1_482' title='bbox 1031 1192 1147 1233; x_wconf 88' lang='lat' dir='ltr'>jusque</span> <span class='ocrx_word' id='word_1_483' title='bbox 1162 1192 1253 1227; x_wconf 72' lang='lat' dir='ltr'>mala,</span> <span class='ocrx_word' id='word_1_484' title='bbox 1271 1194 1322 1223; x_wconf 88' lang='lat' dir='ltr'>vii.</span> <span class='ocrx_word' id='word_1_485' title='bbox 1342 1198 1409 1224; x_wconf 85' lang='lat'><strong>152.</strong></span> 
     </span>
    </p>

    <p class='ocr_par' dir='ltr' id='par_1_23' title="bbox 993 1235 1689 1486">
     <span class='ocr_line' id='line_1_89' title="bbox 993 1235 1686 1267; baseline 0.004 -3"><span class='ocrx_word' id='word_1_486' title='bbox 993 1235 1158 1265; x_wconf 73' lang='lat' dir='ltr'>Humanae</span> <span class='ocrx_word' id='word_1_487' title='bbox 1194 1236 1264 1266; x_wconf 81' lang='lat' dir='ltr'>vitae</span> <span class='ocrx_word' id='word_1_488' title='bbox 1294 1237 1377 1267; x_wconf 87' lang='lat' dir='ltr'>anni.</span> <span class='ocrx_word' id='word_1_489' title='bbox 1408 1236 1426 1265; x_wconf 94' lang='lat' dir='ltr'>i.</span> <span class='ocrx_word' id='word_1_490' title='bbox 1457 1240 1509 1267; x_wconf 84' lang='grc'>52.</span> <span class='ocrx_word' id='word_1_491' title='bbox 1537 1238 1686 1267; x_wconf 84' lang='lat' dir='ltr'>humanae</span> 
     </span>
     <span class='ocr_line' id='line_1_90' title="bbox 1033 1278 1688 1315; baseline 0.005 -8"><span class='ocrx_word' id='word_1_492' title='bbox 1033 1278 1104 1308; x_wconf 76' lang='lat' dir='ltr'>vitae</span> <span class='ocrx_word' id='word_1_493' title='bbox 1140 1279 1281 1313; x_wconf 78' lang='lat' dir='ltr'>brevitas,</span> <span class='ocrx_word' id='word_1_494' title='bbox 1314 1287 1344 1310; x_wconf 85' lang='lat' dir='ltr'>et</span> <span class='ocrx_word' id='word_1_495' title='bbox 1374 1283 1533 1315; x_wconf 78' lang='lat' dir='ltr'>aerumfiae,</span> <span class='ocrx_word' id='word_1_496' title='bbox 1559 1280 1611 1310; x_wconf 76' lang='lat' dir='ltr'>vii.</span> <span class='ocrx_word' id='word_1_497' title='bbox 1635 1285 1688 1312; x_wconf 86' lang='lat'>46.</span> 
     </span>
     <span class='ocr_line' id='line_1_91' title="bbox 1033 1322 1689 1355; baseline 0.005 -5"><span class='ocrx_word' id='word_1_498' title='bbox 1033 1322 1180 1351; x_wconf 87' lang='lat' dir='ltr'>humanis</span> <span class='ocrx_word' id='word_1_499' title='bbox 1201 1323 1234 1351; x_wconf 89' lang='lat' dir='ltr'>in</span> <span class='ocrx_word' id='word_1_500' title='bbox 1256 1324 1348 1352; x_wconf 77' lang='lat' dir='ltr'>rebus</span> <span class='ocrx_word' id='word_1_501' title='bbox 1371 1322 1449 1352; x_wconf 81' lang='lat' dir='ltr'>nihil</span> <span class='ocrx_word' id='word_1_502' title='bbox 1464 1323 1584 1355; x_wconf 91' lang='lat' dir='ltr'>stabile,</span> <span class='ocrx_word' id='word_1_503' title='bbox 1598 1323 1618 1352; x_wconf 85' lang='lat' dir='ltr'>i.</span> <span class='ocrx_word' id='word_1_504' title='bbox 1635 1327 1689 1353; x_wconf 85' lang='lat'>86.</span> 
     </span>
     <span class='ocr_line' id='line_1_92' title="bbox 1033 1365 1684 1401; baseline 0.005 -8"><span class='ocrx_word' id='word_1_505' title='bbox 1033 1365 1244 1395; x_wconf 82' lang='lat' dir='ltr'>humanarum</span> <span class='ocrx_word' id='word_1_506' title='bbox 1282 1376 1389 1396; x_wconf 87' lang='lat' dir='ltr'>rerum</span> <span class='ocrx_word' id='word_1_507' title='bbox 1424 1365 1613 1401; x_wconf 76' lang='lat' dir='ltr'>vicissitudo,</span> <span class='ocrx_word' id='word_1_508' title='bbox 1653 1373 1684 1396; x_wconf 89' lang='lat' dir='ltr'>et</span> 
     </span>
     <span class='ocr_line' id='line_1_93' title="bbox 1033 1407 1684 1442; baseline 0.005 -6"><span class='ocrx_word' id='word_1_509' title='bbox 1033 1407 1180 1442; x_wconf 79' lang='lat' dir='ltr'>conditio,</span> <span class='ocrx_word' id='word_1_510' title='bbox 1211 1408 1232 1438; x_wconf 91' lang='lat' dir='ltr'>i.</span> <span class='ocrx_word' id='word_1_511' title='bbox 1260 1412 1310 1438; x_wconf 87' lang='grc'>52.</span> <span class='ocrx_word' id='word_1_512' title='bbox 1338 1410 1550 1439; x_wconf 82' lang='lat' dir='ltr'>humanarum</span> <span class='ocrx_word' id='word_1_513' title='bbox 1577 1418 1684 1439; x_wconf 87' lang='lat' dir='ltr'>rerum</span> 
     </span>
     <span class='ocr_line' id='line_1_94' title="bbox 1032 1450 1301 1486; baseline 0.011 -7"><span class='ocrx_word' id='word_1_514' title='bbox 1032 1450 1176 1486; x_wconf 83' lang='lat' dir='ltr'>circulus,</span> <span class='ocrx_word' id='word_1_515' title='bbox 1195 1451 1214 1480; x_wconf 87' lang='lat' dir='ltr'>i.</span> <span class='ocrx_word' id='word_1_516' title='bbox 1230 1455 1301 1482; x_wconf 81' lang='grc'><strong>207.</strong></span> 
     </span>
    </p>

    <p class='ocr_par' dir='ltr' id='par_1_24' title="bbox 992 1493 1458 1527">
     <span class='ocr_line' id='line_1_95' title="bbox 992 1493 1458 1527; baseline 0.006 -5"><span class='ocrx_word' id='word_1_517' title='bbox 992 1493 1156 1524; x_wconf 85' lang='lat' dir='ltr'>Horarum</span> <span class='ocrx_word' id='word_1_518' title='bbox 1174 1495 1312 1525; x_wconf 82' lang='lat' dir='ltr'>inventio</span> <span class='ocrx_word' id='word_1_519' title='bbox 1339 1495 1371 1525; x_wconf 89' lang='lat' dir='ltr'>ii.</span> <span class='ocrx_word' id='word_1_520' title='bbox 1388 1499 1458 1527; x_wconf 89' lang='grc'><strong>109.</strong></span> 
     </span>
    </p>

    <p class='ocr_par' dir='ltr' id='par_1_25' title="bbox 991 1535 1442 1575">
     <span class='ocr_line' id='line_1_96' title="bbox 991 1535 1442 1575; baseline 0.007 -10"><span class='ocrx_word' id='word_1_521' title='bbox 991 1535 1116 1575; x_wconf 69' lang='grc' dir='ltr'><strong>Ηοῤ105</strong></span> <span class='ocrx_word' id='word_1_522' title='bbox 1134 1538 1222 1567; x_wconf 92' lang='lat' dir='ltr'>Ionis</span> <span class='ocrx_word' id='word_1_523' title='bbox 1237 1537 1327 1573; x_wconf 86' lang='lat' dir='ltr'>filius,</span> <span class='ocrx_word' id='word_1_524' title='bbox 1345 1549 1373 1568; x_wconf 85' lang='lat' dir='ltr'>V.</span> <span class='ocrx_word' id='word_1_525' title='bbox 1390 1543 1442 1570; x_wconf 88' lang='lat'>66.</span> 
     </span>
    </p>

    <p class='ocr_par' dir='ltr' id='par_1_26' title="bbox 990 1579 1682 1663">
     <span class='ocr_line' id='line_1_97' title="bbox 990 1579 1682 1622; baseline 0.006 -14"><span class='ocrx_word' id='word_1_526' title='bbox 990 1579 1113 1609; x_wconf 86' lang='lat' dir='ltr'>Hordei</span> <span class='ocrx_word' id='word_1_527' title='bbox 1135 1580 1284 1610; x_wconf 86' lang='lat' dir='ltr'>foliorum</span> <span class='ocrx_word' id='word_1_528' title='bbox 1307 1588 1425 1622; x_wconf 84' lang='lat' dir='ltr'>quanta</span> <span class='ocrx_word' id='word_1_529' title='bbox 1446 1581 1582 1612; x_wconf 89' lang='lat' dir='ltr'>latitudo</span> <span class='ocrx_word' id='word_1_530' title='bbox 1597 1581 1682 1621; x_wconf 86' lang='lat' dir='ltr'>apud</span> 
     </span>
     <span class='ocr_line' id='line_1_98' title="bbox 1038 1623 1363 1663; baseline 0.006 -10"><span class='ocrx_word' id='word_1_531' title='bbox 1038 1623 1237 1663; x_wconf 83' lang='lat' dir='ltr'>Babylonios.</span> <span class='ocrx_word' id='word_1_532' title='bbox 1255 1625 1274 1653; x_wconf 91' lang='lat' dir='ltr'>i.</span> <span class='ocrx_word' id='word_1_533' title='bbox 1295 1628 1363 1655; x_wconf 82' lang='lat'><strong>195.</strong></span> 
     </span>
    </p>

    <p class='ocr_par' dir='ltr' id='par_1_27' title="bbox 994 1665 1642 1708">
     <span class='ocr_line' id='line_1_99' title="bbox 994 1665 1642 1708; baseline 0.005 -13"><span class='ocrx_word' id='word_1_534' title='bbox 994 1665 1091 1695; x_wconf 88' lang='lat' dir='ltr'>Horti</span> <span class='ocrx_word' id='word_1_535' title='bbox 1104 1666 1213 1701; x_wconf 83' lang='lat' dir='ltr'>Midae,</span> <span class='ocrx_word' id='word_1_536' title='bbox 1234 1667 1355 1697; x_wconf 90' lang='lat' dir='ltr'>Gordio</span> <span class='ocrx_word' id='word_1_537' title='bbox 1370 1667 1478 1708; x_wconf 87' lang='lat' dir='ltr'>geniti,</span> <span class='ocrx_word' id='word_1_538' title='bbox 1493 1667 1556 1698; x_wconf 88' lang='lat' dir='ltr'>viii.</span> <span class='ocrx_word' id='word_1_539' title='bbox 1573 1671 1642 1698; x_wconf 86' lang='grc'><strong>158.</strong></span> 
     </span>
    </p>

    <p class='ocr_par' dir='ltr' id='par_1_28' title="bbox 993 1708 1686 1749">
     <span class='ocr_line' id='line_1_100' title="bbox 993 1708 1686 1749; baseline 0.006 -12"><span class='ocrx_word' id='word_1_540' title='bbox 993 1708 1187 1748; x_wconf 83' lang='lat' dir='ltr'>Hyacinthia</span> <span class='ocrx_word' id='word_1_541' title='bbox 1203 1710 1452 1741; x_wconf 66' lang='lat' dir='ltr'>Lacedaemoniis</span> <span class='ocrx_word' id='word_1_542' title='bbox 1466 1710 1627 1749; x_wconf 80' lang='lat' dir='ltr'>solemnia,</span> <span class='ocrx_word' id='word_1_543' title='bbox 1644 1711 1686 1742; x_wconf 70' lang='grc'><strong>111.</strong></span> 
     </span>
    </p>

    <p class='ocr_par' dir='ltr' id='par_1_29' title="bbox 990 1794 1388 1834">
     <span class='ocr_line' id='line_1_101' title="bbox 990 1794 1388 1834; baseline 0.008 -11"><span class='ocrx_word' id='word_1_544' title='bbox 990 1794 1133 1834; x_wconf 80' lang='lat' dir='ltr'>Hyaenae,</span> <span class='ocrx_word' id='word_1_545' title='bbox 1151 1795 1235 1830; x_wconf 85' lang='lat' dir='ltr'>ferae,</span> <span class='ocrx_word' id='word_1_546' title='bbox 1258 1796 1297 1826; x_wconf 79' lang='lat' dir='ltr'>iv,</span> <span class='ocrx_word' id='word_1_547' title='bbox 1317 1800 1388 1828; x_wconf 86' lang='lat'><strong>192.</strong></span> 
     </span>
    </p>

    <p class='ocr_par' dir='ltr' id='par_1_30' title="bbox 992 1837 1623 1877">
     <span class='ocr_line' id='line_1_102' title="bbox 992 1837 1623 1877; baseline 0.005 -11"><span class='ocrx_word' id='word_1_548' title='bbox 992 1837 1181 1877; x_wconf 80' lang='lat' dir='ltr'>Hyampeus</span> <span class='ocrx_word' id='word_1_549' title='bbox 1196 1846 1301 1869; x_wconf 80' lang='lat' dir='ltr'>vertex</span> <span class='ocrx_word' id='word_1_550' title='bbox 1320 1839 1473 1874; x_wconf 81' lang='lat' dir='ltr'>Parnassi,</span> <span class='ocrx_word' id='word_1_551' title='bbox 1489 1839 1550 1869; x_wconf 84' lang='lat' dir='ltr'>viii.</span> <span class='ocrx_word' id='word_1_552' title='bbox 1568 1843 1623 1870; x_wconf 89' lang='grc'>59.</span> 
     </span>
    </p>

    <p class='ocr_par' dir='ltr' id='par_1_31' title="bbox 990 1880 1491 1920">
     <span class='ocr_line' id='line_1_103' title="bbox 990 1880 1491 1920; baseline 0.006 -11"><span class='ocrx_word' id='word_1_553' title='bbox 990 1880 1182 1920; x_wconf 77' lang='lat' dir='ltr'>Hyampolis</span> <span class='ocrx_word' id='word_1_554' title='bbox 1196 1883 1280 1917; x_wconf 81' lang='lat' dir='ltr'>urbs,</span> <span class='ocrx_word' id='word_1_555' title='bbox 1297 1883 1357 1912; x_wconf 81' lang='lat' dir='ltr'>viii.</span> <span class='ocrx_word' id='word_1_556' title='bbox 1374 1887 1424 1912; x_wconf 86' lang='grc'>28.</span> <span class='ocrx_word' id='word_1_557' title='bbox 1439 1886 1491 1912; x_wconf 88' lang='grc'>55.</span> 
     </span>
    </p>

    <p class='ocr_par' dir='ltr' id='par_1_32' title="bbox 989 1923 1685 2008">
     <span class='ocr_line' id='line_1_104' title="bbox 989 1923 1685 1965; baseline 0.004 -12"><span class='ocrx_word' id='word_1_558' title='bbox 989 1923 1116 1963; x_wconf 82' lang='lat' dir='ltr'>Hyatae,</span> <span class='ocrx_word' id='word_1_559' title='bbox 1134 1934 1252 1954; x_wconf 86' lang='lat' dir='ltr'>nomen</span> <span class='ocrx_word' id='word_1_560' title='bbox 1273 1925 1369 1955; x_wconf 88' lang='lat' dir='ltr'>unius</span> <span class='ocrx_word' id='word_1_561' title='bbox 1383 1936 1402 1955; x_wconf 89' lang='lat' dir='ltr'>a</span> <span class='ocrx_word' id='word_1_562' title='bbox 1416 1925 1560 1955; x_wconf 72' lang='lat' dir='ltr'>tribubus</span> <span class='ocrx_word' id='word_1_563' title='bbox 1577 1924 1685 1965; x_wconf 77' lang='lat' dir='ltr'>Sicyo·-</span> 
     </span>
     <span class='ocr_line' id='line_1_105' title="bbox 1030 1967 1557 2008; baseline 0.002 -12"><span class='ocrx_word' id='word_1_564' title='bbox 1030 1967 1104 1997; x_wconf 87' lang='lat' dir='ltr'>niis:</span> <span class='ocrx_word' id='word_1_565' title='bbox 1131 1968 1214 2008; x_wconf 91' lang='lat' dir='ltr'>quod</span> <span class='ocrx_word' id='word_1_566' title='bbox 1231 1975 1321 1998; x_wconf 87' lang='lat' dir='ltr'>sonat</span> <span class='ocrx_word' id='word_1_567' title='bbox 1334 1971 1444 2004; x_wconf 77' lang='lat' dir='ltr'>suales,</span> <span class='ocrx_word' id='word_1_568' title='bbox 1459 1975 1490 1998; x_wconf 69' lang='lat' dir='ltr'>v.</span> <span class='ocrx_word' id='word_1_569' title='bbox 1505 1971 1557 1999; x_wconf 88' lang='lat'>68.</span> 
     </span>
    </p>

    <p class='ocr_par' dir='ltr' id='par_1_33' title="bbox 988 2009 1427 2049">
     <span class='ocr_line' id='line_1_106' title="bbox 988 2009 1427 2049; baseline 0.002 -10"><span class='ocrx_word' id='word_1_570' title='bbox 988 2009 1100 2049; x_wconf 84' lang='lat' dir='ltr'>Hybla</span> <span class='ocrx_word' id='word_1_571' title='bbox 1114 2010 1274 2049; x_wconf 82' lang='lat' dir='ltr'>oppidum,</span> <span class='ocrx_word' id='word_1_572' title='bbox 1287 2011 1338 2040; x_wconf 82' lang='lat' dir='ltr'>vii.</span> <span class='ocrx_word' id='word_1_573' title='bbox 1355 2015 1427 2042; x_wconf 87' lang='lat'><strong>155.</strong></span> 
     </span>
    </p>

    <p class='ocr_par' dir='ltr' id='par_1_34' title="bbox 988 2053 1381 2093">
     <span class='ocr_line' id='line_1_107' title="bbox 988 2053 1381 2093; baseline 0.005 -11"><span class='ocrx_word' id='word_1_574' title='bbox 988 2053 1129 2092; x_wconf 85' lang='lat' dir='ltr'>Hydrias</span> <span class='ocrx_word' id='word_1_575' title='bbox 1151 2055 1247 2093; x_wconf 87' lang='lat' dir='ltr'>regio,</span> <span class='ocrx_word' id='word_1_576' title='bbox 1264 2065 1291 2084; x_wconf 84' lang='lat' dir='ltr'>v.</span> <span class='ocrx_word' id='word_1_577' title='bbox 1314 2058 1381 2084; x_wconf 87' lang='grc'><strong>118.</strong></span> 
     </span>
    </p>

    <p class='ocr_par' dir='ltr' id='par_1_35' title="bbox 988 2095 1685 2178">
     <span class='ocr_line' id='line_1_108' title="bbox 988 2095 1685 2136; baseline 0.004 -11"><span class='ocrx_word' id='word_1_578' title='bbox 988 2095 1159 2136; x_wconf 82' lang='lat' dir='ltr'>Hydarnes</span> <span class='ocrx_word' id='word_1_579' title='bbox 1177 2097 1281 2132; x_wconf 72' lang='lat' dir='ltr'>Persa,</span> <span class='ocrx_word' id='word_1_580' title='bbox 1298 2097 1341 2127; x_wconf 88' lang='lat' dir='ltr'>iii.</span> <span class='ocrx_word' id='word_1_581' title='bbox 1354 2101 1404 2128; x_wconf 92' lang='lat'>70.</span> <span class='ocrx_word' id='word_1_582' title='bbox 1412 2097 1453 2126; x_wconf 91' lang='lat' dir='ltr'>vi.</span> <span class='ocrx_word' id='word_1_583' title='bbox 1472 2100 1540 2127; x_wconf 90' lang='lat'><strong>155.</strong></span> <span class='ocrx_word' id='word_1_584' title='bbox 1557 2096 1685 2128; x_wconf 84' lang='lat' dir='ltr'>Asianae</span> 
     </span>
     <span class='ocr_line' id='line_1_109' title="bbox 1031 2140 1442 2178; baseline 0.002 -10"><span class='ocrx_word' id='word_1_585' title='bbox 1031 2149 1093 2169; x_wconf 84' lang='lat' dir='ltr'>orae</span> <span class='ocrx_word' id='word_1_586' title='bbox 1107 2140 1282 2178; x_wconf 86' lang='lat' dir='ltr'>praefectus,</span> <span class='ocrx_word' id='word_1_587' title='bbox 1299 2140 1350 2170; x_wconf 91' lang='lat' dir='ltr'>vii.</span> <span class='ocrx_word' id='word_1_588' title='bbox 1370 2144 1442 2172; x_wconf 88' lang='grc'><strong>155.</strong></span> 
     </span>
    </p>

    <p class='ocr_par' dir='ltr' id='par_1_36' title="bbox 990 2182 1682 2307">
     <span class='ocr_line' id='line_1_110' title="bbox 990 2182 1682 2222; baseline 0.003 -11"><span class='ocrx_word' id='word_1_589' title='bbox 990 2182 1162 2222; x_wconf 83' lang='lat' dir='ltr'>Hydames</span> <span class='ocrx_word' id='word_1_590' title='bbox 1186 2182 1350 2222; x_wconf 87' lang='lat' dir='ltr'>Hydamis</span> <span class='ocrx_word' id='word_1_591' title='bbox 1365 2183 1448 2213; x_wconf 90' lang='lat' dir='ltr'>filius</span> <span class='ocrx_word' id='word_1_592' title='bbox 1464 2183 1632 2222; x_wconf 87' lang='lat' dir='ltr'>imperator</span> <span class='ocrx_word' id='word_1_593' title='bbox 1648 2183 1682 2213; x_wconf 89' lang='lat' dir='ltr'>in</span> 
     </span>
     <span class='ocr_line' id='line_1_111' title="bbox 1032 2226 1681 2267; baseline 0.003 -13"><span class='ocrx_word' id='word_1_594' title='bbox 1032 2226 1146 2255; x_wconf 78' lang='lat' dir='ltr'>Xerxis</span> <span class='ocrx_word' id='word_1_595' title='bbox 1161 2226 1308 2260; x_wconf 75' lang='lat' dir='ltr'>exercitu.</span> <span class='ocrx_word' id='word_1_596' title='bbox 1325 2237 1435 2256; x_wconf 88' lang='lat' dir='ltr'>eorum</span> <span class='ocrx_word' id='word_1_597' title='bbox 1450 2227 1506 2267; x_wconf 92' lang='lat' dir='ltr'>qui</span> <span class='ocrx_word' id='word_1_598' title='bbox 1519 2226 1681 2256; x_wconf 82' lang='lat' dir='ltr'>immorta-</span> 
     </span>
     <span class='ocr_line' id='line_1_112' title="bbox 1029 2268 1557 2307; baseline 0.002 -10"><span class='ocrx_word' id='word_1_599' title='bbox 1029 2268 1074 2298; x_wconf 89' lang='lat' dir='ltr'>les</span> <span class='ocrx_word' id='word_1_600' title='bbox 1089 2268 1333 2307; x_wconf 86' lang='lat' dir='ltr'>appellabantur.</span> <span class='ocrx_word' id='word_1_601' title='bbox 1351 2270 1402 2300; x_wconf 74' lang='lat' dir='ltr'>vii.</span> <span class='ocrx_word' id='word_1_602' title='bbox 1417 2272 1469 2299; x_wconf 87' lang='lat'>85.</span> <span class='ocrx_word' id='word_1_603' title='bbox 1485 2272 1557 2299; x_wconf 88' lang='grc'><strong>211.</strong></span> 
     </span>
    </p>

    <p class='ocr_par' dir='ltr' id='par_1_37' title="bbox 989 2311 1574 2351">
     <span class='ocr_line' id='line_1_113' title="bbox 989 2311 1574 2351; baseline 0.002 -10"><span class='ocrx_word' id='word_1_604' title='bbox 989 2311 1160 2351; x_wconf 78' lang='lat' dir='ltr'>Hydarnes</span> <span class='ocrx_word' id='word_1_605' title='bbox 1178 2312 1329 2342; x_wconf 87' lang='lat' dir='ltr'>Sisamuis</span> <span class='ocrx_word' id='word_1_606' title='bbox 1343 2319 1439 2351; x_wconf 79' lang='lat' dir='ltr'>pater,</span> <span class='ocrx_word' id='word_1_607' title='bbox 1456 2311 1506 2341; x_wconf 71' lang='lat' dir='ltr'>vii.</span> <span class='ocrx_word' id='word_1_608' title='bbox 1523 2315 1574 2342; x_wconf 85' lang='lat'>65.</span> 
     </span>
    </p>

    <p class='ocr_par' dir='ltr' id='par_1_38' title="bbox 989 2354 1683 2395">
     <span class='ocr_line' id='line_1_114' title="bbox 989 2354 1683 2395; baseline 0 -11"><span class='ocrx_word' id='word_1_609' title='bbox 989 2354 1122 2394; x_wconf 88' lang='lat' dir='ltr'>Hydrea</span> <span class='ocrx_word' id='word_1_610' title='bbox 1143 2354 1247 2385; x_wconf 86' lang='lat' dir='ltr'>insula</span> <span class='ocrx_word' id='word_1_611' title='bbox 1273 2355 1441 2385; x_wconf 87' lang='lat' dir='ltr'>Troezeniis</span> <span class='ocrx_word' id='word_1_612' title='bbox 1462 2354 1609 2395; x_wconf 78' lang='lat' dir='ltr'>obligata,</span> <span class='ocrx_word' id='word_1_613' title='bbox 1639 2354 1683 2384; x_wconf 86' lang='grc'><strong>111.</strong></span> 
     </span>
    </p>

    <p class='ocr_par' dir='ltr' id='par_1_39' title="bbox 987 2440 1680 2522">
     <span class='ocr_line' id='line_1_115' title="bbox 987 2440 1680 2481; baseline -0.003 -10"><span class='ocrx_word' id='word_1_614' title='bbox 987 2440 1095 2481; x_wconf 90' lang='lat' dir='ltr'>Hyela</span> <span class='ocrx_word' id='word_1_615' title='bbox 1121 2441 1228 2470; x_wconf 71' lang='lat' dir='ltr'>cixitas</span> <span class='ocrx_word' id='word_1_616' title='bbox 1249 2441 1284 2470; x_wconf 90' lang='lat' dir='ltr'>in</span> <span class='ocrx_word' id='word_1_617' title='bbox 1306 2451 1381 2481; x_wconf 86' lang='lat' dir='ltr'>agro</span> <span class='ocrx_word' id='word_1_618' title='bbox 1399 2441 1554 2471; x_wconf 88' lang='lat' dir='ltr'>OEnotriae</span> <span class='ocrx_word' id='word_1_619' title='bbox 1577 2451 1595 2470; x_wconf 89' lang='lat' dir='ltr'>a</span> <span class='ocrx_word' id='word_1_620' title='bbox 1609 2440 1680 2481; x_wconf 89' lang='lat' dir='ltr'>qui-</span> 
     </span>
     <span class='ocr_line' id='line_1_116' title="bbox 1027 2484 1372 2522; baseline 0.003 -9"><span class='ocrx_word' id='word_1_621' title='bbox 1027 2486 1086 2513; x_wconf 88' lang='lat' dir='ltr'>bus</span> <span class='ocrx_word' id='word_1_622' title='bbox 1101 2494 1248 2522; x_wconf 86' lang='lat' dir='ltr'>possessa,</span> <span class='ocrx_word' id='word_1_623' title='bbox 1264 2484 1284 2513; x_wconf 93' lang='lat' dir='ltr'>i.</span> <span class='ocrx_word' id='word_1_624' title='bbox 1303 2488 1372 2514; x_wconf 88' lang='grc'><strong>167.</strong></span> 
     </span>
    </p>

    <p class='ocr_par' dir='ltr' id='par_1_40' title="bbox 985 2527 1423 2567">
     <span class='ocr_line' id='line_1_117' title="bbox 985 2527 1423 2567; baseline 0.005 -11"><span class='ocrx_word' id='word_1_625' title='bbox 985 2528 1064 2567; x_wconf 63' lang='lat' dir='ltr'>nh&gt;</span> <span class='ocrx_word' id='word_1_626' title='bbox 1046 2537 1219 2557; x_wconf 62' lang='lat' dir='ltr'>vennenses</span> <span class='ocrx_word' id='word_1_627' title='bbox 1233 2537 1304 2566; x_wconf 88' lang='lat' dir='ltr'>pop.</span> <span class='ocrx_word' id='word_1_628' title='bbox 1319 2527 1362 2556; x_wconf 90' lang='lat' dir='ltr'>iii.</span> <span class='ocrx_word' id='word_1_629' title='bbox 1374 2531 1423 2558; x_wconf 88' lang='lat'>90.</span> 
     </span>
    </p>

    <p class='ocr_par' dir='ltr' id='par_1_41' title="bbox 986 2569 1684 2647">
     <span class='ocr_line' id='line_1_118' title="bbox 986 2569 1684 2610; baseline 0 -11"><span class='ocrx_word' id='word_1_630' title='bbox 986 2570 1110 2610; x_wconf 81' lang='lat' dir='ltr'>Hylaea,</span> <span class='ocrx_word' id='word_1_631' title='bbox 1144 2570 1184 2599; x_wconf 88' lang='lat' dir='ltr'>iv.</span> <span class='ocrx_word' id='word_1_632' title='bbox 1222 2574 1271 2600; x_wconf 83' lang='lat'>18.</span> <span class='ocrx_word' id='word_1_633' title='bbox 1296 2573 1345 2600; x_wconf 71' lang='lat'>54.</span> <span class='ocrx_word' id='word_1_634' title='bbox 1378 2573 1428 2601; x_wconf 89' lang='grc'>55.</span> <span class='ocrx_word' id='word_1_635' title='bbox 1452 2570 1520 2610; x_wconf 90' lang='lat' dir='ltr'>ejus</span> <span class='ocrx_word' id='word_1_636' title='bbox 1546 2569 1684 2610; x_wconf 87' lang='lat' dir='ltr'>regionis</span> 
     </span>
     <span class='ocr_line' id='line_1_119' title="bbox 1027 2613 1236 2647; baseline 0.005 -5"><span class='ocrx_word' id='word_1_637' title='bbox 1027 2613 1112 2647; x_wconf 85' lang='lat' dir='ltr'>situs,</span> <span class='ocrx_word' id='word_1_638' title='bbox 1130 2613 1169 2642; x_wconf 79' lang='lat' dir='ltr'>iv.</span> <span class='ocrx_word' id='word_1_639' title='bbox 1186 2617 1236 2643; x_wconf 89' lang='grc'>76.</span> 
     </span>
    </p>

    <p class='ocr_par' dir='ltr' id='par_1_42' title="bbox 985 2655 1681 2739">
     <span class='ocr_line' id='line_1_120' title="bbox 985 2655 1681 2696; baseline -0.001 -10"><span class='ocrx_word' id='word_1_640' title='bbox 985 2655 1166 2696; x_wconf 76' lang='lat' dir='ltr'>Hyllemcs,</span> <span class='ocrx_word' id='word_1_641' title='bbox 1183 2665 1301 2685; x_wconf 89' lang='lat' dir='ltr'>nomen</span> <span class='ocrx_word' id='word_1_642' title='bbox 1318 2655 1415 2685; x_wconf 89' lang='lat' dir='ltr'>unius</span> <span class='ocrx_word' id='word_1_643' title='bbox 1438 2665 1455 2685; x_wconf 88' lang='lat' dir='ltr'>e</span> <span class='ocrx_word' id='word_1_644' title='bbox 1469 2656 1615 2685; x_wconf 88' lang='lat' dir='ltr'>tribubus</span> <span class='ocrx_word' id='word_1_645' title='bbox 1631 2655 1681 2685; x_wconf 85' lang='lat' dir='ltr'>Si-</span> 
     </span>
     <span class='ocr_line' id='line_1_121' title="bbox 1025 2699 1249 2739; baseline -0.009 -10"><span class='ocrx_word' id='word_1_646' title='bbox 1025 2699 1141 2739; x_wconf 78' lang='lat' dir='ltr'>cyonis,</span> <span class='ocrx_word' id='word_1_647' title='bbox 1155 2710 1183 2729; x_wconf 81' lang='lat' dir='ltr'>v.</span> <span class='ocrx_word' id='word_1_648' title='bbox 1199 2702 1249 2729; x_wconf 85' lang='lat'>68.</span> 
     </span>
    </p>

    <p class='ocr_par' dir='ltr' id='par_1_43' title="bbox 984 2740 1678 2862">
     <span class='ocr_line' id='line_1_122' title="bbox 984 2740 1678 2782; baseline -0.004 -10"><span class='ocrx_word' id='word_1_649' title='bbox 984 2742 1115 2782; x_wconf 82' lang='lat' dir='ltr'>Hyllus,</span> <span class='ocrx_word' id='word_1_650' title='bbox 1130 2742 1168 2771; x_wconf 86' lang='lat' dir='ltr'>vi.</span> <span class='ocrx_word' id='word_1_651' title='bbox 1186 2745 1236 2772; x_wconf 89' lang='lat'>51.</span> <span class='ocrx_word' id='word_1_652' title='bbox 1262 2740 1411 2771; x_wconf 87' lang='lat' dir='ltr'>Herculis</span> <span class='ocrx_word' id='word_1_653' title='bbox 1433 2740 1524 2775; x_wconf 76' lang='lat' dir='ltr'>filius,</span> <span class='ocrx_word' id='word_1_654' title='bbox 1540 2740 1591 2770; x_wconf 85' lang='lat' dir='ltr'>vii.</span> <span class='ocrx_word' id='word_1_655' title='bbox 1606 2744 1678 2770; x_wconf 75' lang='grc'><strong>204.</strong></span> 
     </span>
     <span class='ocr_line' id='line_1_123' title="bbox 1025 2784 1676 2815; baseline -0.003 -1"><span class='ocrx_word' id='word_1_656' title='bbox 1025 2784 1088 2814; x_wconf 88' lang='lat' dir='ltr'>viii.</span> <span class='ocrx_word' id='word_1_657' title='bbox 1105 2788 1174 2815; x_wconf 85' lang='grc'><strong>151.</strong></span> <span class='ocrx_word' id='word_1_658' title='bbox 1189 2786 1228 2814; x_wconf 86' lang='lat' dir='ltr'>ab</span> <span class='ocrx_word' id='word_1_659' title='bbox 1246 2785 1388 2814; x_wconf 89' lang='lat' dir='ltr'>Echemo</span> <span class='ocrx_word' id='word_1_660' title='bbox 1409 2784 1443 2813; x_wconf 90' lang='lat' dir='ltr'>in</span> <span class='ocrx_word' id='word_1_661' title='bbox 1457 2784 1676 2813; x_wconf 81' lang='lat' dir='ltr'>monomachia</span> 
     </span>
     <span class='ocr_line' id='line_1_124' title="bbox 1024 2827 1341 2862; baseline 0.003 -5"><span class='ocrx_word' id='word_1_662' title='bbox 1024 2827 1215 2862; x_wconf 80' lang='lat' dir='ltr'>interfectus,</span> <span class='ocrx_word' id='word_1_663' title='bbox 1233 2827 1274 2856; x_wconf 86' lang='lat' dir='ltr'>ix.</span> <span class='ocrx_word' id='word_1_664' title='bbox 1290 2832 1341 2858; x_wconf 82' lang='grc'>26.</span> 
     </span>
    </p>

    <p class='ocr_par' dir='ltr' id='par_1_44' title="bbox 985 2869 1685 2995">
     <span class='ocr_line' id='line_1_125' title="bbox 985 2869 1682 2911; baseline -0.004 -10"><span class='ocrx_word' id='word_1_665' title='bbox 985 2871 1126 2911; x_wconf 64' lang='lat' dir='ltr'>Hymees</span> <span class='ocrx_word' id='word_1_666' title='bbox 1143 2870 1235 2900; x_wconf 92' lang='lat' dir='ltr'>Darii</span> <span class='ocrx_word' id='word_1_667' title='bbox 1249 2880 1352 2910; x_wconf 88' lang='lat' dir='ltr'>gener,</span> <span class='ocrx_word' id='word_1_668' title='bbox 1363 2880 1391 2898; x_wconf 83' lang='lat' dir='ltr'>v.</span> <span class='ocrx_word' id='word_1_669' title='bbox 1407 2873 1477 2899; x_wconf 83' lang='grc'><strong>116.</strong></span> <span class='ocrx_word' id='word_1_670' title='bbox 1503 2869 1585 2908; x_wconf 88' lang='lat' dir='ltr'>capit</span> <span class='ocrx_word' id='word_1_671' title='bbox 1599 2869 1682 2899; x_wconf 88' lang='lat' dir='ltr'>Cion</span> 
     </span>
     <span class='ocr_line' id='line_1_126' title="bbox 1027 2911 1679 2954; baseline -0.005 -10"><span class='ocrx_word' id='word_1_672' title='bbox 1027 2914 1176 2954; x_wconf 63' lang='lat' dir='ltr'>Elysiam,</span> <span class='ocrx_word' id='word_1_673' title='bbox 1192 2924 1221 2942; x_wconf 80' lang='lat' dir='ltr'>v.</span> <span class='ocrx_word' id='word_1_674' title='bbox 1240 2916 1309 2942; x_wconf 86' lang='lat'><strong>122.</strong></span> <span class='ocrx_word' id='word_1_675' title='bbox 1325 2913 1394 2952; x_wconf 90' lang='lat' dir='ltr'>ejus</span> <span class='ocrx_word' id='word_1_676' title='bbox 1408 2922 1457 2942; x_wconf 88' lang='lat' dir='ltr'>res</span> <span class='ocrx_word' id='word_1_677' title='bbox 1472 2919 1568 2952; x_wconf 81' lang='lat' dir='ltr'>gestae</span> <span class='ocrx_word' id='word_1_678' title='bbox 1585 2918 1617 2941; x_wconf 83' lang='lat' dir='ltr'>et</span> <span class='ocrx_word' id='word_1_679' title='bbox 1630 2911 1679 2941; x_wconf 87' lang='lat' dir='ltr'>in-</span> 
     </span>
     <span class='ocr_line' id='line_1_127' title="bbox 1025 2954 1685 2995; baseline -0.006 -8"><span class='ocrx_word' id='word_1_680' title='bbox 1025 2959 1144 2993; x_wconf 83' lang='lat' dir='ltr'>teritus,</span> <span class='ocrx_word' id='word_1_681' title='bbox 1165 2955 1238 2987; x_wconf 88' lang='lat' dir='ltr'>ibid.</span> <span class='ocrx_word' id='word_1_682' title='bbox 1256 2957 1314 2986; x_wconf 75' lang='lat' dir='ltr'>sub</span> <span class='ocrx_word' id='word_1_683' title='bbox 1333 2956 1493 2995; x_wconf 72' lang='lat' dir='ltr'>Hymesso</span> <span class='ocrx_word' id='word_1_684' title='bbox 1509 2955 1596 2995; x_wconf 82' lang='lat' dir='ltr'>regio</span> <span class='ocrx_word' id='word_1_685' title='bbox 1622 2954 1685 2984; x_wconf 88' lang='lat' dir='ltr'>Pe-</span> 
     </span>
    </p>
   </div>
  </div>
 </body>
</html>
