1836 3156
441 151 900 203 CALLIOPE
947 151 1029 198 IX.
1362 158 1454 204 327

71 297 100 334 5
127 294 157 314 ‘⁴
182 287 264 334 νέων
287 287 400 349 νεκρῷ
421 284 714 347 λυμαίνεσθαι,
751 282 839 338 καὶ,
875 282 915 335 ἢν
949 286 1089 328 ταῦτα
1124 281 1259 340 ποιέω,
1295 281 1378 341 φάς
1411 283 1460 329 οἵ·

126 370 153 392 ⁰⁶
179 363 304 427 μεινόν
340 381 392 424 με
433 361 702 408 ἀκούσεσθαι·
744 358 800 407 τοὶ
841 358 979 422 πρέπει
1018 360 1179 420 μᾶλλον
1219 358 1458 424 βαρζάροισι

128 448 156 469 “
179 440 330 496 ποιέειν,
350 438 734 503 ἤπερ’Έλληο-ι·και“
749 438 921 485 ἐκείνοισι
940 436 980 483 δὲ
1004 437 1298 500 ἐπιφθονέομεν.
1344 437 1462 498 Ἐγῶ

122 524 154 545 “
180 517 212 564 δ’
238 516 286 563 ὦν
309 517 456 564 τούτου
481 517 607 563 εἵνεκα
629 517 733 579 μητε
760 515 999 577 Αἰγινητησι
1040 514 1196 577 ἅδοιμι,
1232 515 1336 577 μῆτε
1360 520 1460 562 τοῖσι

123 601 151 622 “
175 598 316 640 ταῦτα
340 593 568 657 ἀρέσκεται·
604 593 774 655 ἀποχρᾷ
799 589 829 637 δ’
857 589 959 653 ἐμοὶ,
998 589 1277 653 Σπαρτιητησι
1301 590 1463 653 ἀρεσκό-

42 679 101 718 10
125 678 151 698 “
174 688 300 732 μενον,
326 669 418 716 ὅσια
440 670 511 733 μὲν
535 670 686 724 ποιέειν,
710 667 801 714 ὅσια
826 666 866 714 δὲ
888 666 964 713 καὶ
984 667 1125 727 λέγειν.
1197 666 1370 730 Λεωνίδη
1405 666 1459 723 δὲ,

123 754 151 774 “
175 750 234 809 τῷ
256 765 308 809 με
332 746 504 799 κελεύεις
528 749 763 809 τιμωρῆσαι,
800 742 904 806 φημὶ
926 743 1122 805 μεγάλως
1143 745 1461 805 τετιμωρῆσθαι·

124 831 150 851 “
175 823 350 884 ψυχῇσί
367 842 409 870 τε
432 826 523 886 τῇσι
548 822 663 869 τῶνδε
686 821 997 884 ἀναριθμητοισι
1030 818 1248 881 τετίμηται
1272 818 1398 871 αὐτός
1420 838 1463 866 τε

121 905 153 927 “
178 900 253 946 καὶ
277 902 316 946 οἱ
336 900 457 946 ἄλλοι
482 901 522 946 οἱ
541 900 575 946 ἐν
601 897 893 962 Θερμοπύλῃσι
928 896 1251 950 τελευτησαντες.
1288 894 1338 942 σι)
1372 895 1464 958 μέν-

121 983 151 1004 “
174 996 236 1023 τοι
260 977 317 1023 ἐ’τι
342 977 440 1036 ἔχων
462 975 584 1035 λόγον
607 974 766 1030 τοιόνδε,
792 974 896 1036 μητε
920 974 1146 1036 προσέλθῃς
1171 972 1324 1036 ἔμοιγε,
1359 974 1463 1035 μητε

38 1062 92 1101 15
119 1061 148 1082 “
173 1052 486 1116 συμὲουλεύσης·
519 1053 636 1115 χάριν
673 1053 762 1098 ἴσθι
799 1069 857 1106 τε,
899 1050 963 1097 ἐῶν
1003 1050 1217 1103 ἀπαθης.”
1288 1051 1352 1095 ‘O
1374 1049 1461 1113 μὲν,

128 1135 270 1177 ταῦτα
293 1129 489 1184 ἀκούσας,
515 1129 828 1175 ἀπαλλάσσετο.

185 1222 334 1252 LXXX.
407 1204 646 1258 Παυσανίης
686 1204 726 1251 δὲ
766 1205 962 1267 κηρυγμα
1002 1203 1280 1266 ποιησάμενος,
1311 1202 1462 1266 μηδενα

120 1281 337 1328 ἅπτεσθαι
361 1285 431 1334 τῆς
453 1280 580 1337 λη’ίης,
608 1279 868 1343 συγκομίζειν
893 1279 1045 1326 ἐκέλευε
1069 1279 1164 1332 τοὺς
1199 1280 1371 1333 εἵλωτας
1405 1279 1462 1327 τοὶ

118 1360 336 1423 χρηματα.
372 1359 412 1404 οἱ
441 1357 496 1413 δέ,
535 1355 614 1403 ἀνοὶ
647 1357 696 1403 τι)
728 1356 999 1420 στρατόπεδον
1032 1356 1302 1418 σκιδνάμενοι,
1338 1356 1460 1420 εὕρισ-

114 1454 185 1491 κον
208 1433 353 1489 σκηνοὶς
377 1433 763 1497 κατεσκευασμένας
785 1435 922 1496 χρυσῷ
944 1431 1019 1479 καὶ
1045 1432 1218 1496 ἀργύρω,
1255 1433 1399 1485 κλίνας
1423 1452 1466 1480 τε

65 1522 95 1559 5
121 1511 358 1576 ἐπιχρύσους
380 1510 455 1557 καὶ
479 1511 741 1574 ἐπαργύρους,
765 1510 962 1573 κρητῆράς
978 1528 1021 1556 τε
1038 1509 1243 1573 χρυσέους,
1269 1509 1344 1556 καὶ
1372 1511 1466 1569 φιά-

119 1598 200 1641 λας
221 1607 265 1635 τε
287 1587 362 1635 καὶ
385 1587 503 1634 ἄλλα
526 1588 776 1649 ἐκπώματα·
809 1587 992 1639 σάκκους
1024 1604 1067 1633 τε
1091 1587 1152 1632 ἐπ’
1194 1586 1380 1648 ἁμαξέων
1404 1587 1467 1635 εὕ-

119 1684 267 1728 ρισκον,
302 1666 337 1711 ἐν
359 1669 460 1711 τοῖσι
493 1662 656 1718 λέέητες
688 1663 891 1722 ἐφαίνοντο
926 1662 1086 1715 ἐνεόντες
1119 1663 1286 1727 χρύσεοί
1313 1682 1357 1711 τε
1391 1663 1467 1711 καὶ

117 1741 313 1805 ἀργύρεοι·
350 1740 436 1787 ἀπό
471 1759 516 1788 τε
540 1744 614 1787 τῶν
636 1740 819 1803 κειμένων
844 1744 977 1803 νεκρῶν
1017 1739 1226 1787 ἐσκύλευον
1251 1740 1387 1800 ψέλιά
1422 1761 1466 1789 τε

117 1817 192 1864 καὶ
225 1816 459 1881 στρεπτοῦς,
484 1815 561 1863 καὶ
583 1816 679 1869 τούς
702 1816 938 1872 ἀκινάκεας,
965 1815 1103 1880 ἐόντας
1136 1817 1344 1880 χρυσέους·
1381 1817 1466 1864 ἐπεὶ

35 1903 93 1941 10
117 1894 287 1947 ἐσθῆτός
321 1913 368 1953 γε
406 1893 596 1947 ποικίλης
634 1892 760 1953 λόγος
796 1892 945 1952 ἐγίνετο
985 1891 1073 1939 οὐδὲ
1109 1892 1170 1945 εἷς.
1238 1893 1464 1941 Ἐνθαῢτα

117 1969 260 2018 πολλοὶ
283 1970 354 2034 μὲν
376 1970 618 2023 κλέπτοντες
641 1971 809 2016 ἐπώλεον
843 1968 939 2033 πρδς
972 1969 1067 2023 τούς
1092 1971 1322 2030 Αἷγινητας
1356 1974 1397 2018 οἱ
1414 1973 1464 2019 εἵ-

118 2058 254 2103 λωτες,
279 2045 423 2094 πολλοὶ
447 2046 486 2094 δὲ
508 2045 584 2093 καὶ
606 2046 910 2102 ἀπεδείκνυσαν,
947 2044 1023 2092 ὅσα
1059 2046 1208 2093 αὐτέων
1232 2048 1306 2094 οὐκ
1330 2047 1394 2095 οἷά
1418 2067 1462 2096 τε

116 2125 160 2180 ἦν
193 2125 371 2188 κρύψαι·
393 2124 505 2194 ὥστε,
532 2124 774 2186 Αἰγινητησι
798 2124 840 2170 οἱ
860 2124 1040 2186 μεγάλοι
1064 2128 1236 2170 πλοῦτοι
1260 2124 1385 2188 ἀρχὴν
1409 2127 1462 2173 ἐν·

118 2203 259 2248 θεῦτεν
283 2201 471 2262 ἐγένοντο,
508 2199 548 2247 οἳ
580 2198 646 2247 τδν
680 2199 838 2264 χρυσδν,
879 2200 955 2247 οἵτε
990 2200 1105 2247 ἐόντα
1142 2199 1303 2261 χαλκδν
1327 2202 1460 2258 δῆθεν,

37 2286 94 2324 15
118 2276 234 2341 παροὶ
257 2282 332 2324 τῶν
354 2276 542 2325 ειλωτέων
575 2276 741 2323 ωνέοντο.

183 2370 352 2400 LXXXI.
425 2353 763 2417 Συμφορησαντες
787 2351 826 2400 δὲ
850 2371 907 2400 τα
919 2353 1145 2445 χρηματα,
1182 2373 1255 2401 και
1292 2355 1461 2412 δεκάτην

119 2429 310 2484 ἐξελόντες
343 2449 399 2475 τω
434 2431 468 2476 ἐν
497 2430 698 2488 Δελφοῖσι
721 2430 818 2491 θεω,
854 2427 928 2475 ἀπ’
954 2449 1000 2483 ης
1025 2429 1046 2475 ὁ
1067 2448 1231 2493 τριπους
1256 2430 1277 2476 ὁ
1298 2432 1462 2495 χρύσεος

119 2505 303 2561 ἀνετέθη,
342 2504 362 2550 ὁ
385 2505 451 2552 ἐπὶ
484 2511 558 2553 τοῦ
580 2524 810 2570 τρικαρηνου
833 2504 943 2564 ὄφιος
963 2511 1039 2553 τοῦ
1061 2507 1246 2567 χαλκέου
1271 2509 1463 2562 ἐπεστεως

118 2582 313 2642 ἄγχιστα
336 2586 410 2628 τοῦ
433 2584 596 2644 βωμοῦ·
633 2581 708 2628 καὶ
731 2584 788 2644 τῷ
813 2582 847 2628 ἐν
869 2580 1096 2646 Ὀλυμπίῃ
1129 2585 1213 2646 θεῷ
1253 2585 1458 2642 ἐξελόντες,

67 2669 94 2705 5
120 2659 194 2704 ἀπ’
222 2657 268 2713 ἧς
292 2659 526 2719 δεκάπηχυν
549 2660 728 2720 χάλκεον
750 2659 843 2706 Δία
867 2659 1084 2714 ἀνέθηκαν·
1111 2660 1186 2707 καὶ
1209 2664 1266 2723 τῷ
1290 2663 1324 2708 ἐν
1348 2663 1458 2710 Ἰσθ-

118 2737 184 2796 μῷ
207 2737 304 2796 θεῷ,
331 2735 405 2781 ἀπ’
445 2733 490 2788 ἧς
514 2735 761 2796 ἑπτάπηχυς
781 2736 962 2796 χάλκεος
998 2737 1215 2784 Ποσειδέων
1251 2739 1457 2799 ἐξεγένετο·

1489 1212 1600 1244 Praeda
1614 1212 1662 1243 in-

1487 1266 1563 1297 gens
1586 1267 1636 1286 co-

1487 1306 1564 1329 acta.

1490 1343 1660 1378 Quomodo

1494 1385 1652 1425 AEginetae

1492 1428 1589 1459 ditati.

1490 2365 1585 2395 Dona
1600 2363 1659 2395 diis

1488 2407 1589 2438 missa.
1604 2407 1689 2438 Prae-

1487 2451 1527 2481 da
1542 2451 1646 2482 divisa.
