1836 3156
695 114 922 147 INDEX.
1478 122 1512 150 11

137 209 218 239 tura,
240 201 316 233 ibid.
366 199 509 232 interitus
531 206 562 231 et
576 199 681 237 funus
705 201 779 231 ibid.

142 247 171 276 ei
185 245 357 277 sacrificant
374 243 521 274 Acanthii
535 254 573 274 ex
591 243 724 280 oraculo,
740 244 781 274 ib.

100 288 284 320 Artachaeus
301 287 399 318 Artaei
410 286 452 316 fil.
467 287 517 317 vii.
533 289 583 317 21.

95 332 291 365 Attachaeus,
309 330 434 368 Otaspis
448 335 542 368 pater,
558 329 609 359 vii.
624 332 674 360 65.

100 373 286 405 Artacbaeus
304 372 469 412 Artayntae
483 378 578 412 pater,
594 371 656 402 viii.
675 375 743 403 150.

99 417 201 447 Artaei
215 415 300 450 olim,
316 415 370 456 qui
385 416 501 450 Persae,
516 415 567 444 vii.
582 418 631 446 61.

96 460 226 490 Artaeus
243 458 398 488 Artachaei
412 464 509 497 pater,
523 458 573 487 vii.
588 460 639 487 21.

97 502 227 534 Artaeus
245 501 360 531 Azanis
373 506 469 539 pater,
485 500 536 530 vii.
552 504 602 531 66.

98 545 236 575 Artanes
253 544 341 574 Darii
357 543 458 579 frater,
475 544 527 573 vii.
543 546 615 573 224.

98 586 236 617 Artanes
250 585 371 621 fluvius,
386 587 425 615 iv.
440 590 492 616 49.

98 629 313 668 Anaphen-nes
322 628 411 659 Darii
430 629 533 663 frater,
548 627 694 658 Sardibus
702 637 780 667 prae-

139 671 249 703 fectus.
273 682 301 701 v.
331 674 380 702 25.
402 675 455 701 50.
483 674 532 702 75.
553 670 725 700 solicitatur
745 671 783 700 ab

140 714 324 754 Aristagora
338 713 378 743 ad
391 713 585 744 reducendos
608 713 640 744 N
642 713 785 743 axiorum

137 757 256 793 exules,
272 767 298 786 v.
315 760 366 787 51.
409 767 474 787 una
488 762 596 787 contra
611 756 706 786 Ionas
727 755 781 786 de-

137 799 238 830 lectus
270 799 446 839 imperator,
480 808 591 840 resque
620 804 723 839 gestae,
755 809 786 828 v.

138 846 209 873 125.
252 842 322 882 ejus
340 842 381 872 ad
411 841 627 883 Aristagoram
654 841 782 877 dictum,

138 885 179 915 vi.
197 888 223 914 1.

97 927 312 967 Artaphernes
336 927 542 966 Artaphemis
562 926 654 962 filius,
677 933 787 957 contra

137 971 281 1001 Athenas
296 977 328 1001 et
351 971 507 1001 Eretriam
528 969 649 1005 missus,
673 970 711 1000 vi.
735 974 785 1001 94.

138 1012 224 1043 idem
241 1014 334 1044 Datis
356 1014 396 1043 ad
412 1013 634 1043 Marathonem
655 1012 782 1053 collega,

137 1055 188 1086 vii.
204 1059 253 1086 74.
267 1055 332 1086 dux
350 1056 515 1095 Lydorum
526 1062 557 1086 et
573 1056 741 1095 Mysorum
751 1056 785 1085 in

139 1099 278 1128 exercitu
295 1099 419 1134 Xerxis,
436 1099 509 1128 ibid.

98 1140 271 1182 Artayctes,
285 1141 462 1172 Cherasmis
469 1141 512 1172 fil.
519 1141 584 1172 dux
596 1140 787 1172 Macronum

137 1190 169 1214 et
195 1185 460 1223 Mosynoecorum,
485 1185 537 1214 vii.
548 1187 598 1214 78.
612 1183 691 1213 Sesti
707 1194 786 1222 prae-

136 1237 194 1262 ses,
224 1227 298 1257 ibid.
319 1233 350 1257 et
373 1228 414 1257 ix.
450 1230 521 1257 116.
552 1227 619 1266 ejus
647 1226 785 1256 facinora

136 1268 263 1303 nefaria.
287 1270 337 1299 vii.
358 1273 410 1300 55.
439 1269 480 1300 ix.
513 1272 582 1299 116.
625 1269 785 1300 obsidetur

137 1311 226 1347 Sesti,
241 1311 283 1341 ix.
302 1316 371 1342 116.
414 1313 536 1351 capitur
557 1322 577 1342 a
601 1312 728 1347 Graecis,
745 1312 785 1341 ix.

138 1357 210 1386 119.
221 1354 378 1394 suffigitur
392 1354 465 1393 palo
479 1356 518 1385 ab
530 1354 782 1391 Atheniensibus,

135 1397 188 1427 vii.
202 1400 253 1427 53.
268 1397 309 1427 ix.
327 1401 399 1428 120.

96 1439 256 1480 Artayctae
272 1440 354 1471 filius
369 1450 475 1475 coram
489 1446 576 1480 patre
591 1439 671 1471 saxis
692 1441 786 1470 obru-

136 1488 200 1519 tus,
216 1483 256 1512 ix.
275 1487 344 1513 120.

97 1524 265 1565 Artaynta,
297 1526 438 1556 Masistae
463 1526 537 1563 filia,
564 1525 663 1556 Dario
683 1525 749 1555 filio
770 1535 789 1555 a

139 1568 246 1598 Xerxe
257 1568 415 1604 collocata,
427 1569 469 1599 ix.
482 1573 549 1600 105.
560 1568 669 1598 eadem
679 1574 785 1598 tamen

135 1612 252 1641 amasia
268 1612 393 1642 Xerxis.
407 1613 448 1642 ix.
466 1616 534 1642 108.
546 1623 607 1652 seq.

94 1653 265 1693 Artayntes
291 1655 446 1685 Artachaei
474 1655 517 1685 fil.
544 1655 611 1684 dux
639 1653 744 1683 classis
766 1663 785 1683 a

138 1696 247 1727 Xerxe
268 1696 392 1734 relictae,
416 1698 479 1728 viii.
511 1701 579 1727 150.
600 1696 667 1736 ejus
696 1696 781 1736 fuga,

134 1738 176 1768 ix.
194 1743 266 1770 102.
285 1740 405 1779 probris
424 1740 586 1779 impetitus
607 1748 627 1768 a
642 1739 782 1775 Masiste,

136 1788 245 1812 contra
273 1793 350 1813 eum
386 1782 511 1823 stringit
545 1782 712 1818 acinacem,
742 1781 783 1811 ix.

94 1865 299 1899 Artembares
321 1868 369 1898 vir
389 1869 471 1899 inter
494 1868 607 1898 Medos
629 1866 739 1902 clarus,
763 1867 783 1897 i.

135 1912 148 1939 1
159 1914 207 1940 14.
226 1914 294 1942 115.
312 1914 382 1941 116.
421 1912 622 1941 Artembares
637 1920 713 1939 avus
728 1919 782 1949 pa-

136 1957 246 1984 ternus
257 1956 424 1994 Artayctae,
435 1953 479 1983 ix.
491 1957 562 1984 122.
571 1953 698 1983 instruit
710 1953 782 1982 Per-

135 2004 196 2034 sas,
209 2006 272 2037 qua
285 1997 426 2027 oratione
447 2006 466 2026 a
489 1997 573 2036 Cyro
587 2001 695 2035 petant
715 2005 780 2024 me-

133 2036 244 2069 liorem
264 2042 427 2080 regionem
456 2039 514 2070 sibi
536 2039 651 2080 eligere
678 2037 778 2074 liceat,

133 2079 208 2112 ibid.

93 2122 265 2155 Artemisia
279 2131 387 2155 contra
404 2125 533 2156 Graecos
554 2123 784 2164 expeditionem

141 2173 281 2208 sequuta,
297 2168 350 2198 vii.
365 2172 416 2199 99.
431 2169 499 2207 ejus
513 2178 614 2208 genus
636 2174 667 2198 et
687 2166 784 2197 animi

137 2210 323 2250 praestantia,
354 2210 489 2246 virilitas,
520 2211 593 2241 ibid.
637 2211 703 2251 ejus
725 2209 784 2238 im-

138 2254 269 2293 perium,
286 2253 362 2284 ibid.
407 2253 475 2293 ejus
490 2263 583 2283 naves
599 2259 669 2292 post
694 2252 782 2283 Sido-

137 2296 205 2326 nias
223 2295 406 2327 celebratiss.
431 2296 504 2326 ibid.
520 2296 682 2326 sententiae
704 2296 784 2325 inter

134 2339 236 2369 socios
255 2339 392 2378 optimae,
422 2339 496 2369 ibid.
553 2338 718 2369 consilium
743 2337 783 2367 de

135 2391 201 2412 non
216 2382 366 2412 tentanda
387 2383 426 2412 ad
451 2382 643 2412 Salaminem
663 2392 780 2422 pugna,

137 2425 198 2454 viii.
214 2429 263 2455 68.
278 2424 345 2464 ejus
358 2425 480 2455 facinus
494 2425 527 2454 in
542 2434 650 2464 pugna.
671 2424 781 2459 navali,

137 2467 201 2496 viii.
233 2470 286 2496 87.
307 2470 356 2497 88.
400 2477 469 2497 eam
490 2468 666 2507 insequitur
695 2467 784 2496 Ami.

138 2509 206 2539 nias
223 2509 398 2545 Palleneus,
415 2516 447 2540 et
461 2516 498 2540 ut
514 2516 641 2544 servata,
657 2509 718 2539 viii.
735 2514 784 2540 95.

138 2552 303 2591 praemium
331 2552 525 2590 propositum
547 2552 575 2582 ei
604 2552 658 2592 qui
680 2552 783 2582 vivam

137 2595 280 2634 cepisset,
298 2600 330 2624 et
350 2601 514 2635 quantum,
537 2594 611 2624 ibid.
652 2594 686 2624 in
708 2605 782 2624 con-

134 2637 243 2668 silium
271 2648 291 2667 a
315 2637 421 2667 Xerxe
449 2637 587 2667 adhibita
607 2637 780 2675 separatim,

137 2680 198 2710 viii.
218 2684 286 2710 101.
303 2683 371 2711 102.
391 2679 520 2710 deducit
540 2680 652 2710 liberos
673 2680 782 2720 regios,

137 2723 200 2753 viii.
218 2726 287 2753 105.

93 2764 310 2801 Artemisium,
326 2765 367 2796 iv.
380 2768 433 2797 55.
446 2765 495 2795 vii.
515 2767 584 2797 175.
598 2770 628 2795 et
646 2768 715 2797 195.

96 2808 283 2848 Ardmpasa,
302 2808 412 2839 Venus
429 2808 579 2849 Scythice,
596 2807 634 2838 iv.
647 2811 698 2840 59.

97 2850 242 2882 Artiscus
254 2851 362 2888 amnis,
379 2852 419 2882 iv.
436 2856 486 2883 92.

95 2893 315 2934 Artobazanes,
342 2894 433 2927 Darii
453 2894 545 2931 filius,
576 2904 651 2926 cum
674 2893 782 2925 Xerxe

865 201 960 231 fratre
973 200 1013 231 de
1026 209 1124 241 regno
1141 202 1300 234 contendit
1314 203 1437 241 frustra,
1462 206 1512 237 vii.

867 247 897 273 2.
910 247 940 274 5.

826 285 1014 317 Artochmes
1031 286 1121 316 Darii
1135 297 1238 327 gener,
1255 288 1306 319 vii.
1318 291 1369 320 75.

829 328 986 364 Artontes,
1004 329 1114 369 Bagaei
1128 336 1222 369 pater,
1238 330 1281 361 iii.
1297 334 1362 362 128.

829 371 987 407 Artontes,
1006 371 1163 402 Mardonii
1178 373 1268 410 filius,
1285 373 1327 405 ix.
1341 377 1393 405 84.

829 414 1018 445 Artoxerxes
1042 415 1119 455 quid
1140 416 1243 456 signif.
1285 417 1326 447 vi.
1351 421 1401 449 98.
1430 417 1512 449 filius

870 457 989 492 Xerxis,
1006 457 1058 487 vii.
1078 461 1147 489 106.
1162 464 1194 488 et
1211 461 1280 490 151.

827 499 1008 530 Artozostra
1025 499 1115 530 Darii
1129 499 1200 534 filia.
1217 501 1256 531 vi.
1270 505 1320 531 45.

828 542 979 581 Artybius
997 543 1090 572 Persa
1111 543 1252 577 eximius,
1268 554 1296 574 v.
1324 548 1391 576 108.
1415 555 1514 587 equus

867 584 963 623 ipsius
977 584 1150 620 bellicosus,
1166 596 1194 615 v.
1212 589 1281 617 111.

828 627 1002 667 Artyphius
1016 627 1099 658 filius
1116 628 1276 665 Artabani,
1293 629 1343 660 vii.
1358 634 1409 661 66.

829 669 1002 710 Artyphius
1015 670 1193 701 Ariomardi
1208 682 1384 711 germanus,
1397 673 1448 704 vii.
1463 677 1515 707 67.

829 713 1000 752 Artystona.
1017 713 1089 753 Cyri
1106 713 1177 749 filia,
1193 714 1235 744 iii.
1251 718 1299 744 88.
1315 715 1366 746 vii.
1381 721 1432 748 69.

828 756 935 786 Arura
948 755 1025 796 quid
1039 756 1124 795 apud
1141 757 1269 797 AEgypt.
1285 757 1316 788 ii.
1336 762 1402 789 168.

829 798 993 838 Aryandes
1022 799 1155 840 AEgypti
1178 806 1291 839 praetor
1315 801 1446 842 ejusque
1465 802 1513 832 in-

868 841 987 877 teritus,
1003 842 1044 872 iv.
1063 846 1129 873 166.

830 884 1047 924 Aryaudicum
1061 891 1235 925 argentum,
1251 885 1325 918 ibid.

831 928 974 967 Asbystae
992 927 1072 963 Afri,
1094 929 1132 957 iv.
1151 931 1220 959 170.

831 969 967 1000 Ascalor=
986 970 1163 1001 Palaestinae
1177 972 1259 1006 urbs,
1277 971 1296 1002 i.
1315 974 1384 1004 105.

831 1013 946 1052 Aschy,
963 1012 1091 1053 liquoris
1104 1024 1212 1054 genus,
1229 1014 1269 1044 iv.
1285 1018 1336 1045 25.

830 1056 916 1092 Asia,
934 1056 1111 1086 Promethei
1127 1066 1215 1093 uxor,
1231 1056 1270 1086 iv.
1285 1060 1337 1088 45.

832 1099 918 1130 Asiae
948 1098 1135 1138 magnitudo
1164 1099 1318 1138 descripta
1352 1100 1454 1141 qualis
1487 1108 1519 1133 et

872 1147 996 1182 quanta,
1015 1141 1054 1173 iv.
1076 1144 1128 1172 57.
1149 1145 1201 1172 58.
1216 1146 1267 1172 59.
1282 1146 1333 1173 40.
1355 1143 1440 1174 unde
1462 1154 1519 1175 no.

870 1194 944 1213 men
970 1184 1097 1223 accepit,
1113 1184 1152 1214 iv.
1167 1188 1219 1215 45.
1260 1186 1467 1225 pervestigata
1498 1197 1517 1217 a

873 1226 980 1263 Dario,
997 1227 1036 1257 iv.
1051 1231 1100 1257 44.
1117 1227 1227 1267 Libyae
1241 1237 1306 1267 par,
1322 1235 1435 1268 praeter
1448 1239 1517 1259 eam

869 1280 940 1309 quae
954 1269 994 1299 ad
1009 1269 1107 1299 solem
1121 1270 1280 1305 orientem,
1297 1270 1368 1302 ibid.
1421 1272 1516 1303 India

869 1318 962 1342 tenus
984 1313 1146 1349 habitatur,
1179 1314 1219 1344 iv.
1247 1317 1298 1344 40.
1345 1314 1432 1345 Asiae
1456 1321 1518 1346 ter-

870 1355 956 1389 mini,
969 1355 999 1384 ii.
1017 1359 1066 1387 17.

832 1397 942 1428 Asiam
956 1398 1060 1428 Persae
1074 1404 1187 1438 putant
1206 1398 1267 1431 sibi
1288 1399 1516 1431 necessitudine

872 1441 1094 1481 conjunctam,
1110 1442 1130 1472 i.
1148 1446 1175 1472 4.

835 1483 920 1513 Asiae
935 1484 1101 1522 superioris
1115 1485 1247 1522 imperio
1261 1485 1414 1526 quamdiu
1428 1486 1518 1524 potiti

875 1526 1004 1567 Assyrii,
1022 1531 1047 1557 1.
1063 1531 1113 1558 95.
1152 1528 1230 1558 Asia
1244 1530 1372 1558 subacta
1383 1537 1402 1558 a
1419 1528 1517 1559 Phra-

869 1575 944 1603 orte
976 1569 996 1599 i.
1022 1573 1091 1600 102.
1136 1570 1222 1601 Asiae
1243 1571 1412 1609 imperium
1426 1571 1517 1602 amit.

868 1616 942 1641 tunt
958 1611 1057 1646 Medi,
1075 1622 1175 1652 eoque
1198 1613 1322 1652 Scythae
1343 1615 1517 1652 potiuntur,

869 1654 890 1683 i.
913 1657 984 1684 104.
1001 1657 1070 1685 105.
1092 1654 1189 1695 idque
1208 1655 1336 1695 quando
1360 1655 1451 1686 Medi
1471 1665 1519 1686 re.

869 1702 1067 1734 cuperarunt
1098 1696 1119 1726 i.
1147 1700 1216 1727 106.
1262 1697 1348 1728 Asiae
1373 1698 1519 1739 quaedam

867 1738 1019 1778 planities,
1031 1738 1075 1768 iii.
1092 1741 1161 1770 117.

829 1781 922 1812 Asias
935 1780 1042 1816 tribus,
1058 1781 1208 1812 Sardibus
1222 1781 1266 1813 sic
1280 1788 1400 1821 vocata,
1415 1783 1454 1814 iv.
1465 1786 1518 1816 45.

830 1824 922 1854 Asies
939 1824 1046 1863 Cotyis
1063 1823 1152 1859 filius,
1170 1825 1210 1855 iv.
1226 1828 1276 1856 45.

830 1867 930 1897 Asina
947 1866 1076 1907 Argiva.
1092 1866 1156 1896 viii.
1171 1870 1222 1899 75.

830 1909 924 1940 Asini
940 1909 1165 1940 Armeniorum
1181 1910 1214 1939 in
1230 1910 1363 1951 navigiis
1380 1910 1517 1951 Babylo-

858 1961 944 1991 *nem
959 1952 1212 1988 commeantium,
1244 1953 1264 1982 i.
1288 1957 1358 1984 194.
1386 1954 1464 1983 asini
1486 1954 1520 1985 iu

869 1995 994 2035 Scythia
1016 1994 1104 2027 nulli.
1121 1995 1159 2025 iv.
1176 1999 1227 2025 28.
1246 1999 1315 2027 129.
1357 1996 1518 2027 asinorum

866 2048 975 2068 vocem
997 2044 1028 2069 et
1048 2038 1181 2068 formam
1197 2038 1269 2078 equi
1293 2038 1429 2078 Scythici
1452 2049 1517 2069 non

867 2081 985 2118 ferunt,
998 2080 1037 2110 iv.
1056 2084 1125 2112 129.
1139 2081 1218 2111 asini
1232 2082 1378 2111 cornibus
1392 2082 1518 2120 praediti

868 2123 935 2160 ubi,
947 2123 985 2153 iv.
1004 2127 1073 2154 191.
1095 2122 1174 2154 asini
1194 2133 1359 2165 nunquam
1380 2123 1520 2155 bibentes

869 2165 932 2201 ubi,
950 2166 990 2196 iv.
1010 2169 1079 2197 192.

829 2209 968 2240 Asinarii
981 2218 1055 2239 cum
1070 2215 1169 2240 matre
1186 2209 1348 2240 Demarati
1369 2209 1516 2241 concubi-

869 2258 921 2282 tus
935 2250 1013 2281 falso
1030 2261 1161 2290 sparsus,
1178 2253 1217 2282 vi.
1233 2256 1284 2283 68.
1296 2256 1347 2283 69.

830 2295 975 2330 Asmach,
999 2294 1084 2335 quid,
1101 2294 1132 2324 ii.
1147 2299 1198 2326 30.

828 2337 984 2368 Asonides
998 2338 1178 2370 navarchus.
1200 2337 1250 2367 vii.
1278 2340 1345 2367 181.

828 2381 940 2420 Asopii
952 2389 1022 2420 pop.
1038 2379 1079 2411 ix.
1095 2384 1143 2411 15-

829 2423 956 2462 Asopus
970 2424 1079 2458 amnis,
1093 2423 1134 2453 iv.
1148 2422 1271 2453 108.vii.
1282 2421 1398 2453 2oo.ix.
1409 2424 1457 2453 15.
1465 2426 1516 2454 29.

830 2466 1043 2504 Asopodorus
1062 2466 1091 2496 T
1093 2465 1225 2495 imandri
1239 2465 1331 2498 filius.
1346 2465 1388 2495 ix.
1402 2468 1454 2496 69.

830 2508 1018 2547 Aspathines
1033 2519 1051 2538 e
1068 2508 1235 2538 Persarum
1256 2507 1451 2547 primoribus,
1473 2507 1520 2538 iii.

871 2554 920 2582 70.
927 2551 1084 2581 infemore
1095 2561 1257 2588 percussus
1271 2560 1290 2580 a
1301 2560 1402 2591 mago,
1414 2550 1455 2580 iii.
1467 2554 1517 2582 78.

829 2593 1025 2633 Aspathines,
1046 2593 1210 2632 Prexaspis
1225 2593 1268 2623 fil.
1281 2593 1330 2623 vii.
1347 2596 1397 2624 97.

829 2636 1001 2675 Asphaltus
1024 2636 1226 2676 Babylonica,
1241 2636 1261 2666 i.
1279 2639 1348 2667 179.
1360 2634 1519 2674 asphaltus

869 2680 924 2709 ubi
940 2689 958 2709 e
973 2685 1067 2717 puteo
1081 2679 1232 2715 hauritur,
1249 2678 1287 2709 vi.
1307 2682 1376 2709 120.

830 2722 911 2752 Assa
925 2723 1006 2757 urbs,
1024 2722 1075 2752 vii.
1094 2725 1164 2752 122.

829 2764 971 2800 Assesus,
988 2770 1020 2794 et
1037 2764 1163 2795 Assesia
1176 2764 1328 2798 Minerva,
1345 2763 1366 2794 i.
1384 2767 1432 2796 19.

829 2808 964 2847 Assyria
997 2807 1028 2836 ii.
1055 2810 1101 2839 17.
1122 2808 1161 2838 iv.
1185 2811 1235 2839 59.
1258 2807 1327 2847 ejus
1347 2806 1476 2842 siccitas,
1498 2805 1519 2836 i.

869 2854 940 2882 195.
983 2849 1098 2890 oppida
1125 2851 1219 2882 habet
1232 2860 1349 2893 magna
1377 2855 1411 2884 et
1438 2848 1518 2881 cele

867 2893 945 2929 herr.
960 2892 982 2924 i.
999 2896 1013 2924 1
1022 2896 1073 2925 78.
