1836 3156
236 136 273 162 18

241 216 357 250 Cilicia,
383 215 414 246 ii.
444 219 492 247 17.
517 219 568 246 54.
592 214 710 246 Ciliciae
735 214 928 254 praefectura,

283 260 324 289 ix.
335 261 405 289 107.

241 302 361 332 Cilissae
376 311 476 331 naves.
490 301 552 331 viii.
569 304 618 331 14.

240 344 323 375 Cilix
338 344 493 385 Agenoris
504 343 595 380 filius,
607 354 625 374 a
640 354 704 385 quo
713 342 789 374 dicti
805 342 929 380 Cilices,

281 388 331 418 vii.
349 391 398 418 91.

242 430 330 465 Cilla,
351 429 484 459 AEolum
499 429 613 466 civitas,
630 430 649 460 i.
668 434 738 462 149.

241 472 410 507 Cimmerii,
427 472 446 501 i.
456 477 488 503 6.
504 476 551 503 15.
568 476 616 503 16.
636 477 706 503 105.
719 474 758 503 iv.
777 476 865 503 1.11.
882 475 931 502 12.

240 515 428 546 Cimmerius
452 515 622 554 Bosporus,
649 518 688 546 iv.
715 520 762 546 12.
786 520 836 546 28.
863 519 933 545 100.

282 558 453 588 Cimmeria
466 558 610 598 portoria,
634 558 674 589 iv.
698 562 749 589 12.
774 562 824 589 45.
845 558 932 589 Cim-

282 601 370 631 merii
385 600 476 636 muri,
494 600 533 631 iv.
552 605 601 631 12.

242 644 356 674 Cimon
373 643 528 674 Miltiadis
541 650 636 683 pater,
661 644 700 674 vi.
714 648 765 674 54.
779 647 832 676 59.

242 687 365 722 Cimon,
385 686 539 717 Miltiadis
553 686 644 723 filius,
668 687 720 717 vii.
740 690 810 717 107.
831 686 934 716 mulc-

280 737 347 759 tam
381 729 462 769 patri
497 730 675 769 impositam
712 729 850 765 exsolvit,
888 729 928 759 vi.

285 776 357 803 136.

242 815 357 846 Cimon
375 816 546 855 Stesagorae
561 822 657 854 pater,
674 815 712 845 vi.
728 819 780 846 58.

243 858 356 889 Cineas
369 868 423 887 rex
439 858 579 888 Thessal.
592 869 619 887 v.
636 862 687 888 65.

243 900 491 932 cinnamomum
519 901 575 930 ubi
604 901 761 941 gignatur,
793 906 825 931 et
853 910 932 941 quo-

280 943 376 974 modo
387 943 562 983 colligatur,
578 943 620 972 iii.
638 947 707 973 111.

243 986 361 1026 Cinyps
377 985 499 1021 fluvius,
516 986 555 1015 iv.
574 989 643 1017 175.
658 997 686 1016 v.
701 990 753 1016 42.

245 1029 363 1069 Cinyps
377 1028 472 1059 tellus
489 1029 606 1060 Africae
617 1029 734 1065 fertilis,
748 1028 844 1059 fluvio
858 1038 930 1069 cog-

282 1072 425 1102 nominis.
443 1072 479 1101 iv,
500 1075 570 1103 198.

243 1114 325 1145 Cion
342 1115 466 1154 Mysiae,
478 1126 505 1145 v.
522 1119 591 1145 122.

242 1157 362 1197 Cippus
377 1157 489 1188 finium
503 1158 607 1194 index,
630 1157 681 1188 vii.
694 1161 746 1189 50.

242 1200 446 1231 Circumcisio
482 1201 717 1240 AEgyptiorum.
754 1200 785 1230 ii.
812 1205 864 1231 56.
900 1207 932 1230 et

282 1243 418 1273 afiorum
447 1243 647 1284 quorundam
674 1243 873 1283 populorum,
901 1243 932 1272 ii.

244 1328 336 1360 Cissii
347 1329 382 1358 in
403 1329 542 1359 exercitu
555 1329 672 1359 Xerxis
687 1330 864 1363 militantes,
882 1329 932 1358 vii.

284 1376 336 1403 62.
350 1382 459 1402 eorum
481 1372 545 1402 dux
561 1379 593 1402 et
606 1379 771 1407 armatura,
792 1372 867 1402 ibid.
882 1382 933 1401 eo-

279 1425 352 1445 rum
385 1415 550 1455 equitatus,
582 1415 632 1445 vii.
661 1420 712 1446 86.
742 1426 852 1446 eorum
881 1414 935 1444 tri-

284 1459 406 1492 butum,
424 1458 466 1488 iii.
483 1462 534 1489 91.

244 1500 344 1532 Cissia
352 1507 441 1535 terra,
459 1512 485 1530 v.
498 1504 549 1532 49.
565 1504 614 1532 52.
633 1501 739 1531 Ciffiiae
753 1507 852 1540 portae
868 1501 932 1531 Ba.

282 1543 418 1583 bylonis‚
431 1543 472 1573 iii.
492 1547 562 1575 155.
583 1547 652 1574 158.

243 1586 429 1617 Cithaeronis
453 1586 579 1623 radices,
605 1586 646 1616 ix.
672 1590 721 1618 19.
743 1590 792 1618 25.
820 1586 930 1622 exitus,

283 1629 323 1659 ix.
338 1633 388 1659 58.

243 1673 320 1703 Cius
336 1672 457 1706 fluvius.
474 1673 513 1702 iv.
530 1677 580 1704 49.

242 1715 353 1746 Claves
386 1715 492 1755 Cypri,
523 1716 773 1755 promontorium
801 1715 929 1750 dictum,

283 1769 312 1788 v.
330 1762 399 1788 108.

241 1801 439 1831 clazomenae
475 1802 593 1832 ionum
622 1802 736 1836 cixitas,
762 1801 781 1831 i.
812 1804 880 1831 142.
901 1800 932 1830 ii.

284 1847 354 1875 178.
378 1845 445 1874 haec
469 1845 626 1874 invaditur
651 1847 689 1874 ab
715 1844 850 1884 Alyatte,
877 1843 931 1883 qui

280 1886 402 1917 cladem
418 1887 541 1926 accipit,
563 1888 580 1917 i.
601 1892 648 1919 16.
670 1887 790 1925 capitur
805 1888 843 1916 ab
869 1887 930 1916 Ar-

282 1931 432 1968 tapherne
462 1937 492 1960 et
523 1930 635 1965 Omne,
666 1942 694 1961 v.
727 1934 796 1960 125.
822 1939 932 1960 eorum

282 1974 456 2007 thesaurus,
474 1974 492 2002 i.
512 1977 559 2003 51.

243 2014 374 2047 (Ἱεειᾱθε
392 2016 544 2046 Autodici
558 2016 648 2051 filius,
665 2016 705 2046 ix.
721 2019 772 2047 85.

244 2057 382 2088 Cleanax
400 2059 544 2099 Argivus
567 2059 597 2090 ii.
613 2063 643 2089 1.
661 2064 690 2090 2.

243 2100 397 2131 Cleander
412 2109 505 2135 vates,
534 2102 739 2142 Phigalensis,
763 2102 803 2131 vi.
819 2105 867 2132 85.

243 2143 399 2175 Cleander
421 2151 451 2175 et
476 2145 620 2175 Euclidis
642 2145 846 2185 Hippocratis
865 2144 929 2181 filii,

279 2187 331 2217 vii.
350 2191 420 2219 155.

242 2229 398 2261 Cleander
424 2231 574 2262 Pantarei
598 2232 620 2262 f.
650 2231 739 2262 Gelae
769 2237 928 2271 tyrannus,

280 2274 332 2302 vii.
352 2277 419 2305 154.

240 2316 366 2347 Cleobis
381 2323 411 2347 et
428 2316 553 2348 Bitonis
566 2317 696 2348 historia
711 2323 742 2348 et
754 2316 927 2353 beatitudo,

284 2359 303 2388 i.
318 2363 370 2389 51.

242 2401 409 2433 Cleodaeus
425 2402 518 2443 Hylli
537 2402 628 2438 filius,
652 2404 692 2433 vi.
713 2406 763 2434 52.
785 2402 836 2433 vii.
860 2407 932 2434 204.

280 2446 344 2475 viii.
363 2449 431 2476 151.

241 2487 460 2518 Cleombrotus
466 2494 497 2518 et
508 2488 796 2529 Leonidesgemini,
804 2500 831 2518 v.
840 2493 890 2519 41.
905 2493 931 2519 1.

279 2531 341 2561 viii.
364 2535 413 2562 71.
441 2531 674 2561 Anaxandridae
690 2532 780 2566 filius,
805 2532 878 2562 ibid.
900 2539 929 2563 et

277 2574 319 2603 ix.
338 2578 384 2604 10.
404 2581 492 2613 pater
509 2575 683 2604 Pausaniae.
702 2575 741 2604 iv.
757 2578 806 2605 81.

239 2616 425 2647 Cleomenes
435 2617 764 2651 Anaxandridaefilius
776 2628 804 2647 v.
816 2621 867 2648 41.
879 2622 929 2648 64.

278 2659 327 2689 vii.
338 2663 407 2690 148.
418 2659 636 2699 inopsmentis
644 2672 671 2690 v.
683 2665 734 2691 42.
745 2661 863 2700 Spartae
874 2671 927 2691 rex

280 2709 409 2735 creatus.
428 2713 492 2733 non
506 2711 631 2743 propter
642 2703 859 2734 fortitudinem
874 2704 929 2734 sed

278 2751 403 2784 propter
408 2756 516 2786 genus
524 2757 550 2776 v.
558 2750 609 2778 59.
617 2757 694 2777 auro
700 2747 858 2786 corrumpi
863 2757 929 2777 non

278 2794 379 2826 potest
401 2798 419 2818 a
435 2789 621 2825 Maeandrio,
644 2789 778 2830 ideoque
792 2790 930 2820 virorum

275 2831 393 2871 justiss.
408 2830 504 2865 audit,
528 2832 570 2861 iii.
586 2836 658 2862 148·
679 2832 834 2863 discordia
849 2833 929 2863 inter

844 128 1059 160 INDEX.

1017 218 1067 246 72.
1093 214 1161 256 ejus
1175 225 1250 246 cum
1275 215 1457 254 Aristagora
1471 219 1548 250 acta,
1570 225 1599 245 v.
1614 219 1666 248 49.

1017 262 1069 290 50.
1084 262 1120 289 51
1150 259 1231 288 inter
1257 258 1460 289 Cleomenem
1475 264 1506 287 et
1530 258 1666 298 Argivos

1018 309 1094 337 acta,
1120 301 1160 330 vi.
1175 304 1225 331 76.
1249 305 1298 332 77.
1318 304 1367 330 78.
1391 303 1442 332 79.
1458 305 1509 331 80.
1530 301 1667 340 proficis-

1015 344 1098 374 citur
1135 350 1242 374 contra
1281 343 1497 377 Pisistratidas
1542 355 1568 373 v.
1614 347 1669 374 64.

1018 387 1173 416 Achaeum
1189 397 1222 416 se
1244 396 1309 416 esse
1324 386 1375 421 ait,
1400 396 1463 416 non
1482 386 1611 421 Dotem,
1634 397 1664 416 v.

1018 431 1069 459 72.
1093 429 1235 469 profugit
1258 429 1369 468 Sparta
1396 435 1426 459 et
1452 429 1591 459 Arcadas
1615 438 1665 459 so-

1016 472 1115 502 licitat
1138 478 1245 502 contra
1272 473 1446 511 Spartanos,
1474 472 1513 501 vi.
1535 476 1587 503 74.
1608 471 1664 502 ad-

1017 525 1124 545 versus
1153 515 1360 544 Athenienses
1380 513 1501 544 bellum
1521 514 1609 555 gerit,
1632 524 1664 545 v.

1018 561 1070 588 74.
1084 561 1134 589 75.
1155 557 1195 587 ad
1209 557 1363 587 insaniam
1384 556 1536 593 redactus,
1562 568 1590 587 v.
1614 560 1667 588 75.

1019 604 1068 630 84.
1083 600 1152 641 ejus
1164 600 1316 635 interitus,
1334 610 1362 629 v.
1378 603 1429 630 48.

978 642 1106 673 Cleonae
1121 644 1202 678 urbs
1218 643 1268 672 vii.
1285 647 1335 673 22.

979 685 1097 716 Clinias
1122 685 1293 716 Alcibiadis
1314 684 1398 715 filius
1422 685 1666 716 Atheniensium

1013 728 1287 768 praestantissimus
1335 728 1369 757 in
1414 728 1511 758 classe
1557 734 1665 759 contra

1018 772 1167 808 Xerxem,
1184 771 1246 801 viii.
1263 774 1310 801 17.

976 813 1158 847 Clisthenes,
1181 814 1323 854 Sicyonis
1346 819 1506 853 tyrannus,
1531 813 1569 843 vi.
1596 817 1668 845 126.

1017 858 1084 895 ejus
1099 857 1208 888 odium
1223 857 1256 886 in
1274 856 1455 892 Adrastum,
1475 867 1504 886 v,
1519 860 1569 887 67.
1584 856 1665 887 circa

1020 900 1212 931 Clisthenem
1238 906 1269 930 et
1294 899 1391 929 filiam
1419 899 1599 940 Agaristam
1628 910 1666 930 ac

1016 953 1126 982 procos
1140 950 1216 975 acta.
1238 943 1276 972 vi.
1296 946 1365 973 126.
1383 945 1451 973 127.
1468 949 1523 973 etc.

977 985 1153 1016 Clisthenes
1194 985 1427 1015 Alcmaeonides
1464 984 1668 1015 Atheniensis

1021 1029 1159 1069 Sicyonii
1182 1028 1350 1059 Clisthenis
1371 1037 1476 1067 nepOS,
1499 1038 1529 1057 v.
1547 1032 1598 1059 66.
1614 1031 1665 1059 67.

1016 1072 1057 1102 vi.
1078 1076 1147 1102 151.
1162 1071 1230 1111 ejus
1245 1078 1276 1102 et
1304 1072 1441 1111 Isagorae
1455 1071 1614 1107 factiones,
1637 1081 1667 1101 v.

1018 1119 1068 1146 66.
1084 1119 1134 1146 69.
1151 1118 1201 1145 70.

977 1157 1136 1197 Clytiades
1151 1158 1348 1192 Tisamenus,
1365 1156 1406 1186 ix.
1421 1160 1473 1187 55.

976 1200 1099 1231 Cnidus
1114 1200 1229 1235 civitas,
1250 1203 1318 1230 144.
1332 1199 1364 1229 ii.
1382 1202 1452 1230 178.

978 1243 1083 1274 Cnidii
1105 1242 1421 1273 Lacedaemoniorum
1435 1241 1548 1276 coloni.
1558 1243 1580 1272 i.
1596 1245 1668 1273 174.

1018 1296 1128 1316 eorum
1157 1296 1230 1316 cum
1260 1285 1436 1315 Tarentinis
1456 1285 1599 1320 amicitia,
1626 1285 1670 1315 ii1.

1023 1333 1092 1359 158.
1117 1339 1207 1358 suam
1230 1328 1381 1358 ditionem
1404 1327 1438 1357 in
1463 1327 1574 1358 insulae
1603 1328 1668 1358 for-

1019 1382 1106 1401 mam
1134 1372 1338 1411 perfodiendo
1367 1376 1491 1400 tentant
1517 1371 1668 1411 redigere,

1019 1415 1039 1444 i.
1059 1418 1128 1445 174.
1143 1421 1172 1444 et
1187 1415 1339 1444 isthmum
1353 1413 1515 1453 perfodere
1528 1413 1670 1444 volentes

1018 1458 1178 1498 quomodo
1199 1457 1349 1496 impediti,
1372 1456 1445 1486 ibid.
1463 1457 1618 1497 Harpago
1633 1468 1667 1487 se

1018 1500 1147 1536 dedunt,
1165 1501 1184 1530 i.
1209 1504 1278 1531 174.
1302 1500 1528 1540 Cyrenaeorum
1553 1501 1665 1541 quosd.

1019 1550 1151 1579 servant,
1168 1544 1206 1573 iv.
1225 1547 1294 1574 164.

979 1587 1131 1616 Cnoethus
1145 1593 1233 1626 pater
1248 1585 1440 1620 Nicodromi,
1458 1585 1496 1615 vi.
1513 1589 1564 1615 88.

979 1630 1089 1660 Cobon
1108 1629 1322 1668 Aristophanti
1335 1628 1428 1664 filius,
1451 1628 1492 1658 vi.
1511 1632 1561 1659 66.

979 1672 1102 1703 Codrus
1121 1672 1363 1702 Atheniensium
1377 1681 1440 1707 rex,
1463 1682 1490 1701 v.
1505 1674 1555 1708 65,
1575 1674 1626 1702 76.

978 1715 1101 1745 Codrus
1119 1715 1273 1745 Melanthi
1290 1715 1312 1745 f.
1326 1715 1346 1744 i.
1365 1718 1434 1745 147.

979 1757 1102 1787 Codrus
1119 1757 1212 1788 Nelei
1226 1765 1320 1797 pater,
1343 1757 1385 1787 ix.
1402 1761 1452 1787 97.

978 1800 1073 1836 Coela,
1090 1801 1141 1830 via
1155 1800 1310 1841 quaedam,
1327 1800 1366 1830 η’.
1384 1803 1453 1830 105.

978 1843 1065 1873 Coela
1083 1843 1161 1879 Chii,
1178 1843 1218 1873 vi.
1233 1847 1284 1873 26.
1304 1844 1444 1878 Euboeae,
1462 1841 1525 1872 viii.
1544 1845 1596 1873 13-

978 1887 1184 1926 Coenyrorum
1207 1893 1238 1916 et
1254 1886 1449 1926 AEnyrorum
1467 1884 1557 1915 locus
1570 1895 1669 1926 prope

1018 1940 1113 1969 quem
1127 1928 1255 1959 metalla
1272 1929 1394 1963 Thasia,
1413 1928 1449 1958 vi.
1464 1931 1513 1958 47.

978 1972 1003 2002 C
1007 1973 1058 2002 oea
1072 1972 1275 2012 Mitylenaeus
1292 1971 1452 2002 Erxandri
1462 1970 1552 2005 filius,
1565 1970 1605 2000 iv.
1617 1975 1670 2002 97.

1017 2026 1045 2045 v.
1062 2020 1074 2046 1
1087 2019 1111 2045 1.
1136 2014 1308 2055 Mitylenes
1321 2014 1520 2054 tyrannidem
1534 2024 1552 2043 a
1570 2013 1670 2044 Dario

1019 2059 1145 2098 accepit,
1162 2069 1190 2088 V.
1211 2062 1256 2088 11.
1273 2064 1382 2097 captus
1396 2058 1435 2087 ab
1452 2057 1621 2097 Iatragora,
1637 2067 1668 2086 v.

1017 2105 1069 2133 57.
1099 2112 1117 2131 a
1151 2100 1344 2141 Mitylenaeis
1378 2099 1535 2140 lapidibus
1571 2099 1667 2129 inter-

1017 2146 1126 2180 fectus,
1143 2155 1172 2174 v-
1187 2148 1238 2174 58.

981 2186 1096 2222 Coitus
1109 2188 1143 2217 in
1157 2185 1294 2226 templis,
1313 2185 1344 2216 ii.
1359 2190 1410 2217 64.

985 2230 1239 2268 Colaeus‚Samiae
1248 2229 1538 2269 navisgubernator,
1544 2227 1584 2257 iv.
1597 2229 1672 2258 152.

977 2274 1122 2306 Colaxais
1147 2273 1288 2313 Targitai
1313 2271 1405 2307 filius,
1435 2271 1474 2300 iv.
1505 2274 1535 2301 5.
1560 2271 1599 2300 ab
1629 2280 1669 2300 eo

1016 2316 1141 2348 oriundi
1167 2316 1300 2356 Scythae,
1323 2315 1364 2345 iv.
1393 2319 1423 2345 6.
1451 2313 1564 2354 triplex
1595 2312 1668 2343 filiis

1018 2358 1181 2390 constituit
1194 2368 1337 2399 regnum.
1354 2357 1394 2387 iv.
1409 2361 1440 2388 7.

977 2403 1095 2438 Colchi,
1127 2402 1147 2432 i.
1173 2405 1244 2432 104.
1266 2400 1429 2441 progenies
1453 2399 1613 2441 AEgyptia,
1633 2398 1668 2429 ii.

1021 2449 1088 2477 104.
1112 2445 1155 2475 iii.
1170 2448 1220 2476 97.
1240 2444 1280 2474 iv.
1302 2448 1354 2474 40.
1375 2453 1486 2474 eorum
1509 2448 1666 2472 armatura

1016 2496 1048 2520 et
1072 2488 1138 2519 dux
1159 2487 1193 2517 in
1216 2487 1333 2517 Xerxis
1357 2487 1504 2520 exercit-u,
1535 2485 1586 2516 vii.
1616 2488 1668 2516 79.

1017 2531 1203 2563 Colchicum
1230 2529 1335 2560 linum
1363 2528 1573 2560 Sal-donicum
1598 2527 1664 2558 dic-

1013 2582 1092 2611 tum,
1104 2574 1137 2603 ii.
1156 2577 1223 2604 105.

975 2617 1080 2649 Colias
1094 2627 1150 2647 ora
1166 2618 1290 2650 Atticae,
1306 2614 1367 2645 viii.
1384 2619 1434 2646 96.

974 2661 1140 2700 Colophon
1160 2660 1301 2699 Smyrnae
1316 2657 1469 2693 conditur,
1485 2656 1506 2686 i.
1524 2659 1594 2687 164.

975 2704 1140 2743 Colophon
1164 2703 1282 2733 Ionum
1307 2702 1422 2736 civitas,
1444 2700 1465 2730 i.
1488 2702 1557 2729 142.
1580 2698 1612 2728 ii.
1637 2702 1666 2729 8.

1015 2747 1054 2778 vi.
1070 2752 1160 2785 capta
1175 2756 1193 2775 a
1219 2745 1318 2785 Gyge.
1336 2745 1356 2773 i.
1378 2747 1428 2773 14.

976 2788 1164 2829 Colophonii
1173 2787 1230 2818 soli
1244 2798 1302 2818 cur
1316 2798 1355 2817 ex
1373 2785 1506 2817 Ionibus
1521 2786 1559 2815 ab
1576 2785 1664 2825 Apa-

1014 2832 1104 2864 turiis
1118 2831 1205 2862 fectis
1218 2837 1371 2865 arcentur,
1387 2829 1407 2859 i.
1425 2832 1495 2859 147.

277 2874 370 2904 illum
385 2880 417 2904 et
441 2874 658 2911 Demaratum,
685 2875 723 2905 vi.
747 2879 797 2906 51.
815 2880 865 2906 61.
881 2879 931 2906 73.
977 2875 1247 2915 Colophoniorum
1267 2872 1404 2914 profugi,
1431 2872 1597 2912 Smyrnam
1612 2880 1664 2901 oc-

279 2921 330 2948 74.
356 2916 548 2948 Clisthenem
575 2918 706 2949 Athenis
722 2918 812 2959 ejicit,
836 2929 864 2949 v.
881 2922 931 2950 70.
1017 2924 1142 2958 cupant,
1159 2917 1178 2948 i.
1196 2919 1264 2948 150.

939 2975 959 2992 Ο
