<?xml version="1.0" encoding="UTF-8"?>
<!DOCTYPE html PUBLIC "-//W3C//DTD XHTML 1.0 Transitional//EN"
    "http://www.w3.org/TR/xhtml1/DTD/xhtml1-transitional.dtd">
<html xmlns="http://www.w3.org/1999/xhtml" xml:lang="en" lang="en">
 <head>
  <title>
</title>
<meta http-equiv="Content-Type" content="text/html;charset=utf-8" />
  <meta name='ocr-system' content='tesseract 3.04.00' />
  <meta name='ocr-capabilities' content='ocr_page ocr_carea ocr_par ocr_line ocrx_word'/>
</head>
<body>
  <div class='ocr_page' id='page_1' title='image "./historinlogoi9ep02herouoft/historinlogoi9ep02herouoft_0421.png"; bbox 0 0 1836 3156; ppageno 0'>
   <div class='ocr_carea' id='block_1_1' title="bbox 712 113 922 147">
    <p class='ocr_par' dir='ltr' id='par_1_1' title="bbox 712 113 922 147">
     <span class='ocr_line' id='line_1_1' title="bbox 712 113 922 147; baseline -0.005 0"><span class='ocrx_word' id='word_1_1' title='bbox 712 113 922 147; x_wconf 84' lang='lat' dir='ltr'>INDEX.</span> 
     </span>
    </p>
   </div>
   <div class='ocr_carea' id='block_1_2' title="bbox 77 200 777 1356">
    <p class='ocr_par' dir='ltr' id='par_1_2' title="bbox 85 200 706 242">
     <span class='ocr_line' id='line_1_2' title="bbox 85 200 706 242; baseline -0.002 -9"><span class='ocrx_word' id='word_1_2' title='bbox 85 202 234 239; x_wconf 70' lang='lat' dir='ltr'>Cobssae,</span> <span class='ocrx_word' id='word_1_3' title='bbox 249 201 400 242; x_wconf 84' lang='lat' dir='ltr'>oppidum</span> <span class='ocrx_word' id='word_1_4' title='bbox 419 200 573 242; x_wconf 82' lang='lat' dir='ltr'>Phrygiae,</span> <span class='ocrx_word' id='word_1_5' title='bbox 589 201 640 232; x_wconf 87' lang='lat' dir='ltr'>vii.</span> <span class='ocrx_word' id='word_1_6' title='bbox 655 205 706 233; x_wconf 99' lang='grc'>50.</span> 
     </span>
    </p>

    <p class='ocr_par' dir='ltr' id='par_1_3' title="bbox 86 245 777 370">
     <span class='ocr_line' id='line_1_3' title="bbox 86 245 777 281; baseline -0.003 -4"><span class='ocrx_word' id='word_1_7' title='bbox 86 245 217 281; x_wconf 84' lang='lat' dir='ltr'><strong>Colossi,</strong></span> <span class='ocrx_word' id='word_1_8' title='bbox 240 246 271 276; x_wconf 75' lang='lat' dir='ltr'>ii.</span> <span class='ocrx_word' id='word_1_9' title='bbox 304 249 372 276; x_wconf 79' lang='lat'>130.</span> <span class='ocrx_word' id='word_1_10' title='bbox 400 249 468 275; x_wconf 80' lang='lat'>143.</span> <span class='ocrx_word' id='word_1_11' title='bbox 501 248 574 275; x_wconf 80' lang='lat'>155.</span> <span class='ocrx_word' id='word_1_12' title='bbox 605 248 675 276; x_wconf 89' lang='lat'>175.</span> <span class='ocrx_word' id='word_1_13' title='bbox 708 248 777 276; x_wconf 88' lang='lat'>176.</span> 
     </span>
     <span class='ocr_line' id='line_1_4' title="bbox 128 287 775 330; baseline -0.002 -11"><span class='ocrx_word' id='word_1_14' title='bbox 128 288 249 319; x_wconf 78' lang='lat' dir='ltr'>Colossi</span> <span class='ocrx_word' id='word_1_15' title='bbox 285 287 370 327; x_wconf 85' lang='lat' dir='ltr'>apud</span> <span class='ocrx_word' id='word_1_16' title='bbox 414 287 582 328; x_wconf 85' lang='lat' dir='ltr'>AEgyptios</span> <span class='ocrx_word' id='word_1_17' title='bbox 622 288 775 330; x_wconf 84' lang='lat' dir='ltr'>cujusque</span> 
     </span>
     <span class='ocr_line' id='line_1_5' title="bbox 124 330 421 370; baseline -0.007 -8"><span class='ocrx_word' id='word_1_18' title='bbox 124 331 287 370; x_wconf 84' lang='lat' dir='ltr'>pontificis,</span> <span class='ocrx_word' id='word_1_19' title='bbox 303 330 334 361; x_wconf 89' lang='lat' dir='ltr'>ii.</span> <span class='ocrx_word' id='word_1_20' title='bbox 352 334 421 361; x_wconf 86' lang='grc'><strong>145.</strong></span> 
     </span>
    </p>

    <p class='ocr_par' dir='ltr' id='par_1_4' title="bbox 85 373 672 413">
     <span class='ocr_line' id='line_1_6' title="bbox 85 373 672 413; baseline 0 -9"><span class='ocrx_word' id='word_1_21' title='bbox 85 373 249 404; x_wconf 63' lang='lat' dir='ltr'>Columbae</span> <span class='ocrx_word' id='word_1_22' title='bbox 267 373 441 404; x_wconf 85' lang='lat' dir='ltr'>Dodonaeae</span> <span class='ocrx_word' id='word_1_23' title='bbox 457 373 563 413; x_wconf 61' lang='lat' dir='ltr'>nigrae,</span> <span class='ocrx_word' id='word_1_24' title='bbox 575 373 607 404; x_wconf 88' lang='lat' dir='ltr'>ii.</span> <span class='ocrx_word' id='word_1_25' title='bbox 621 376 672 404; x_wconf 87' lang='lat'>55.</span> 
     </span>
    </p>

    <p class='ocr_par' dir='ltr' id='par_1_5' title="bbox 85 415 773 489">
     <span class='ocr_line' id='line_1_7' title="bbox 85 415 773 456; baseline -0.003 -9"><span class='ocrx_word' id='word_1_26' title='bbox 85 416 258 447; x_wconf 84' lang='lat' dir='ltr'>Columbas</span> <span class='ocrx_word' id='word_1_27' title='bbox 271 416 357 447; x_wconf 86' lang='lat' dir='ltr'>albas</span> <span class='ocrx_word' id='word_1_28' title='bbox 372 426 428 447; x_wconf 84' lang='lat' dir='ltr'>cur</span> <span class='ocrx_word' id='word_1_29' title='bbox 443 415 601 456; x_wconf 84' lang='lat' dir='ltr'>expellant</span> <span class='ocrx_word' id='word_1_30' title='bbox 618 417 730 452; x_wconf 87' lang='lat' dir='ltr'>Persae,</span> <span class='ocrx_word' id='word_1_31' title='bbox 754 415 773 446; x_wconf 88' lang='lat' dir='ltr'>i.</span> 
     </span>
     <span class='ocr_line' id='line_1_8' title="bbox 130 463 199 489; baseline 0 0"><span class='ocrx_word' id='word_1_32' title='bbox 130 463 199 489; x_wconf 83' lang='lat'>138.</span> 
     </span>
    </p>

    <p class='ocr_par' dir='ltr' id='par_1_6' title="bbox 84 501 647 537">
     <span class='ocr_line' id='line_1_9' title="bbox 84 501 647 537; baseline 0.002 -6"><span class='ocrx_word' id='word_1_33' title='bbox 84 501 251 532; x_wconf 85' lang='lat' dir='ltr'>Columnae</span> <span class='ocrx_word' id='word_1_34' title='bbox 266 501 345 532; x_wconf 83' lang='lat' dir='ltr'>albae</span> <span class='ocrx_word' id='word_1_35' title='bbox 362 501 394 531; x_wconf 84' lang='lat' dir='ltr'>in</span> <span class='ocrx_word' id='word_1_36' title='bbox 413 501 513 537; x_wconf 86' lang='lat' dir='ltr'>Caria,</span> <span class='ocrx_word' id='word_1_37' title='bbox 531 512 560 532; x_wconf 87' lang='lat' dir='ltr'>v.</span> <span class='ocrx_word' id='word_1_38' title='bbox 576 505 647 532; x_wconf 93' lang='grc'><strong>118.</strong></span> 
     </span>
    </p>

    <p class='ocr_par' dir='ltr' id='par_1_7' title="bbox 82 544 692 584">
     <span class='ocr_line' id='line_1_10' title="bbox 82 544 692 584; baseline 0 -10"><span class='ocrx_word' id='word_1_39' title='bbox 82 544 250 575; x_wconf 80' lang='lat' dir='ltr'>Columnae</span> <span class='ocrx_word' id='word_1_40' title='bbox 264 545 361 575; x_wconf 86' lang='lat' dir='ltr'>instar</span> <span class='ocrx_word' id='word_1_41' title='bbox 373 544 558 584; x_wconf 83' lang='lat' dir='ltr'>palmarum,</span> <span class='ocrx_word' id='word_1_42' title='bbox 574 545 606 574; x_wconf 84' lang='lat' dir='ltr'>ii.</span> <span class='ocrx_word' id='word_1_43' title='bbox 621 548 692 575; x_wconf 88' lang='lat'>160.</span> 
     </span>
    </p>

    <p class='ocr_par' dir='ltr' id='par_1_8' title="bbox 83 587 770 843">
     <span class='ocr_line' id='line_1_11' title="bbox 83 587 769 628; baseline -0.001 -11"><span class='ocrx_word' id='word_1_44' title='bbox 83 587 217 617; x_wconf 88' lang='lat' dir='ltr'>Comam</span> <span class='ocrx_word' id='word_1_45' title='bbox 233 588 466 618; x_wconf 64' lang='lat' dir='ltr'>Lacedaemonii</span> <span class='ocrx_word' id='word_1_46' title='bbox 486 598 524 617; x_wconf 86' lang='lat' dir='ltr'>ex</span> <span class='ocrx_word' id='word_1_47' title='bbox 547 598 610 628; x_wconf 92' lang='lat' dir='ltr'>quo</span> <span class='ocrx_word' id='word_1_48' title='bbox 631 587 718 617; x_wconf 89' lang='lat' dir='ltr'>alant</span> <span class='ocrx_word' id='word_1_49' title='bbox 738 592 769 616; x_wconf 88' lang='lat' dir='ltr'>et</span> 
     </span>
     <span class='ocr_line' id='line_1_12' title="bbox 123 629 768 671; baseline 0 -11"><span class='ocrx_word' id='word_1_50' title='bbox 123 630 236 671; x_wconf 84' lang='lat' dir='ltr'>Argivi</span> <span class='ocrx_word' id='word_1_51' title='bbox 251 641 325 666; x_wconf 88' lang='lat' dir='ltr'>non,</span> <span class='ocrx_word' id='word_1_52' title='bbox 341 631 361 660; x_wconf 92' lang='lat' dir='ltr'>i.</span> <span class='ocrx_word' id='word_1_53' title='bbox 377 634 426 660; x_wconf 87' lang='lat'>82.</span> <span class='ocrx_word' id='word_1_54' title='bbox 442 641 564 660; x_wconf 89' lang='lat' dir='ltr'>comam</span> <span class='ocrx_word' id='word_1_55' title='bbox 578 637 615 661; x_wconf 90' lang='lat' dir='ltr'>ut</span> <span class='ocrx_word' id='word_1_56' title='bbox 631 629 768 670; x_wconf 87' lang='lat' dir='ltr'>Babylo-</span> 
     </span>
     <span class='ocr_line' id='line_1_13' title="bbox 121 672 769 713; baseline 0.002 -11"><span class='ocrx_word' id='word_1_57' title='bbox 121 673 167 703; x_wconf 89' lang='lat' dir='ltr'>nii</span> <span class='ocrx_word' id='word_1_58' title='bbox 183 680 301 713; x_wconf 82' lang='lat' dir='ltr'>gerant.</span> <span class='ocrx_word' id='word_1_59' title='bbox 318 673 338 704; x_wconf 90' lang='lat' dir='ltr'>i.</span> <span class='ocrx_word' id='word_1_60' title='bbox 352 677 420 705; x_wconf 90' lang='grc'><strong>195.</strong></span> <span class='ocrx_word' id='word_1_61' title='bbox 435 680 595 713; x_wconf 77' lang='lat' dir='ltr'><strong>pectentes</strong></span> <span class='ocrx_word' id='word_1_62' title='bbox 619 672 769 703; x_wconf 87' lang='lat' dir='ltr'>Lacedae-</span> 
     </span>
     <span class='ocr_line' id='line_1_14' title="bbox 121 715 770 752; baseline 0 -7"><span class='ocrx_word' id='word_1_63' title='bbox 121 716 228 752; x_wconf 89' lang='lat' dir='ltr'>monii,</span> <span class='ocrx_word' id='word_1_64' title='bbox 259 716 310 747; x_wconf 82' lang='lat' dir='ltr'>vii.</span> <span class='ocrx_word' id='word_1_65' title='bbox 332 720 408 747; x_wconf 70' lang='lat'>208.</span> <span class='ocrx_word' id='word_1_66' title='bbox 427 726 551 746; x_wconf 90' lang='lat' dir='ltr'>comam</span> <span class='ocrx_word' id='word_1_67' title='bbox 572 722 609 746; x_wconf 91' lang='lat' dir='ltr'>ut</span> <span class='ocrx_word' id='word_1_68' title='bbox 630 715 717 746; x_wconf 86' lang='lat' dir='ltr'>alant</span> <span class='ocrx_word' id='word_1_69' title='bbox 738 722 770 746; x_wconf 87' lang='lat' dir='ltr'>et</span> 
     </span>
     <span class='ocr_line' id='line_1_15' title="bbox 119 759 770 795; baseline -0.002 -6"><span class='ocrx_word' id='word_1_70' title='bbox 119 759 273 789; x_wconf 86' lang='lat' dir='ltr'>tondeant</span> <span class='ocrx_word' id='word_1_71' title='bbox 311 760 423 795; x_wconf 76' lang='lat' dir='ltr'>Macae,</span> <span class='ocrx_word' id='word_1_72' title='bbox 454 760 493 789; x_wconf 89' lang='lat' dir='ltr'>iv.</span> <span class='ocrx_word' id='word_1_73' title='bbox 539 762 608 790; x_wconf 89' lang='grc'><strong>175.</strong></span> <span class='ocrx_word' id='word_1_74' title='bbox 647 768 770 789; x_wconf 86' lang='lat' dir='ltr'>comam</span> 
     </span>
     <span class='ocr_line' id='line_1_16' title="bbox 122 801 727 843; baseline 0 -11"><span class='ocrx_word' id='word_1_75' title='bbox 122 801 283 842; x_wconf 88' lang='lat' dir='ltr'>quomodo</span> <span class='ocrx_word' id='word_1_76' title='bbox 298 809 420 843; x_wconf 82' lang='lat' dir='ltr'>gestent</span> <span class='ocrx_word' id='word_1_77' title='bbox 437 803 580 842; x_wconf 84' lang='lat' dir='ltr'>Maxyes,</span> <span class='ocrx_word' id='word_1_78' title='bbox 596 802 636 832; x_wconf 86' lang='lat' dir='ltr'>iv.</span> <span class='ocrx_word' id='word_1_79' title='bbox 657 804 727 833; x_wconf 88' lang='lat'>191.</span> 
     </span>
    </p>

    <p class='ocr_par' dir='ltr' id='par_1_9' title="bbox 80 843 490 880">
     <span class='ocr_line' id='line_1_17' title="bbox 80 843 490 880; baseline 0 -6"><span class='ocrx_word' id='word_1_80' title='bbox 80 843 237 875; x_wconf 85' lang='lat' dir='ltr'>Combrea</span> <span class='ocrx_word' id='word_1_81' title='bbox 251 846 335 880; x_wconf 87' lang='lat' dir='ltr'>urbs,</span> <span class='ocrx_word' id='word_1_82' title='bbox 352 845 406 875; x_wconf 86' lang='lat' dir='ltr'>vii.</span> <span class='ocrx_word' id='word_1_83' title='bbox 421 849 490 875; x_wconf 85' lang='lat'>125.</span> 
     </span>
    </p>

    <p class='ocr_par' dir='ltr' id='par_1_10' title="bbox 77 887 581 966">
     <span class='ocr_line' id='line_1_18' title="bbox 77 887 581 928; baseline -0.002 -10"><span class='ocrx_word' id='word_1_84' title='bbox 77 887 261 918; x_wconf 88' lang='lat' dir='ltr'>Comedunt</span> <span class='ocrx_word' id='word_1_85' title='bbox 296 888 330 917; x_wconf 90' lang='lat' dir='ltr'>in</span> <span class='ocrx_word' id='word_1_86' title='bbox 350 888 408 918; x_wconf 90' lang='lat' dir='ltr'>viis</span> <span class='ocrx_word' id='word_1_87' title='bbox 428 887 581 928; x_wconf 77' lang='lat' dir='ltr'>AEgyptii‚</span> 
     </span>
     <span class='ocr_line' id='line_1_19' title="bbox 123 930 518 966; baseline 0 -6"><span class='ocrx_word' id='word_1_88' title='bbox 123 930 209 960; x_wconf 90' lang='lat' dir='ltr'>domi</span> <span class='ocrx_word' id='word_1_89' title='bbox 225 937 402 966; x_wconf 84' lang='lat' dir='ltr'>exonerant,</span> <span class='ocrx_word' id='word_1_90' title='bbox 420 930 451 961; x_wconf 89' lang='lat' dir='ltr'>ii.</span> <span class='ocrx_word' id='word_1_91' title='bbox 465 934 518 962; x_wconf 76' lang='lat'>55.</span> 
     </span>
    </p>

    <p class='ocr_par' dir='ltr' id='par_1_11' title="bbox 85 973 569 1012">
     <span class='ocr_line' id='line_1_20' title="bbox 85 973 569 1012; baseline 0 -9"><span class='ocrx_word' id='word_1_92' title='bbox 85 973 277 1012; x_wconf 86' lang='lat' dir='ltr'>Compsatus</span> <span class='ocrx_word' id='word_1_93' title='bbox 291 973 413 1008; x_wconf 87' lang='lat' dir='ltr'>fluvius,</span> <span class='ocrx_word' id='word_1_94' title='bbox 430 974 482 1003; x_wconf 83' lang='lat' dir='ltr'>vii.</span> <span class='ocrx_word' id='word_1_95' title='bbox 501 977 569 1004; x_wconf 88' lang='lat'>109.</span> 
     </span>
    </p>

    <p class='ocr_par' dir='ltr' id='par_1_12' title="bbox 80 1016 746 1057">
     <span class='ocr_line' id='line_1_21' title="bbox 80 1016 746 1057; baseline 0.002 -12"><span class='ocrx_word' id='word_1_96' title='bbox 80 1016 253 1056; x_wconf 88' lang='lat' dir='ltr'>Conchylia</span> <span class='ocrx_word' id='word_1_97' title='bbox 266 1016 300 1045; x_wconf 85' lang='lat' dir='ltr'>in</span> <span class='ocrx_word' id='word_1_98' title='bbox 315 1016 475 1046; x_wconf 88' lang='lat' dir='ltr'>montibus</span> <span class='ocrx_word' id='word_1_99' title='bbox 492 1016 633 1057; x_wconf 82' lang='lat' dir='ltr'>AEgypti,</span> <span class='ocrx_word' id='word_1_100' title='bbox 646 1016 678 1046; x_wconf 90' lang='lat' dir='ltr'>ii.</span> <span class='ocrx_word' id='word_1_101' title='bbox 696 1019 746 1046; x_wconf 91' lang='lat'>12.</span> 
     </span>
    </p>

    <p class='ocr_par' dir='ltr' id='par_1_13' title="bbox 79 1058 463 1090">
     <span class='ocr_line' id='line_1_22' title="bbox 79 1058 463 1090; baseline 0 -2"><span class='ocrx_word' id='word_1_102' title='bbox 79 1058 228 1088; x_wconf 84' lang='lat' dir='ltr'>Coniaeus</span> <span class='ocrx_word' id='word_1_103' title='bbox 245 1059 352 1089; x_wconf 87' lang='lat' dir='ltr'>Thess.</span> <span class='ocrx_word' id='word_1_104' title='bbox 367 1069 394 1089; x_wconf 78' lang='lat' dir='ltr'>V.</span> <span class='ocrx_word' id='word_1_105' title='bbox 410 1063 463 1090; x_wconf 84' lang='lat'>65.</span> 
     </span>
    </p>

    <p class='ocr_par' dir='ltr' id='par_1_14' title="bbox 79 1101 525 1140">
     <span class='ocr_line' id='line_1_23' title="bbox 79 1101 525 1140; baseline 0.002 -9"><span class='ocrx_word' id='word_1_106' title='bbox 79 1101 185 1132; x_wconf 91' lang='lat' dir='ltr'>Conos</span> <span class='ocrx_word' id='word_1_107' title='bbox 199 1101 265 1140; x_wconf 90' lang='lat' dir='ltr'>pini</span> <span class='ocrx_word' id='word_1_108' title='bbox 279 1102 412 1137; x_wconf 79' lang='lat' dir='ltr'>fructus,</span> <span class='ocrx_word' id='word_1_109' title='bbox 428 1101 458 1132; x_wconf 86' lang='lat' dir='ltr'>ii.</span> <span class='ocrx_word' id='word_1_110' title='bbox 475 1106 525 1132; x_wconf 85' lang='lat'>20.</span> 
     </span>
    </p>

    <p class='ocr_par' dir='ltr' id='par_1_15' title="bbox 79 1144 713 1180">
     <span class='ocr_line' id='line_1_24' title="bbox 79 1144 713 1180; baseline -0.002 -5"><span class='ocrx_word' id='word_1_111' title='bbox 79 1144 220 1175; x_wconf 79' lang='lat' dir='ltr'>Consilio</span> <span class='ocrx_word' id='word_1_112' title='bbox 235 1147 317 1176; x_wconf 92' lang='lat' dir='ltr'>bono</span> <span class='ocrx_word' id='word_1_113' title='bbox 333 1144 407 1174; x_wconf 85' lang='lat' dir='ltr'>felix</span> <span class='ocrx_word' id='word_1_114' title='bbox 419 1151 556 1180; x_wconf 84' lang='lat' dir='ltr'>eventus,</span> <span class='ocrx_word' id='word_1_115' title='bbox 575 1144 626 1175; x_wconf 86' lang='lat' dir='ltr'>vii.</span> <span class='ocrx_word' id='word_1_116' title='bbox 644 1147 713 1176; x_wconf 82' lang='lat'>157.</span> 
     </span>
    </p>

    <p class='ocr_par' dir='ltr' id='par_1_16' title="bbox 79 1186 772 1270">
     <span class='ocr_line' id='line_1_25' title="bbox 79 1186 772 1228; baseline 0.001 -11"><span class='ocrx_word' id='word_1_117' title='bbox 79 1187 334 1218; x_wconf 85' lang='lat' dir='ltr'>Consuetudines</span> <span class='ocrx_word' id='word_1_118' title='bbox 376 1188 467 1218; x_wconf 85' lang='lat' dir='ltr'>avitae</span> <span class='ocrx_word' id='word_1_119' title='bbox 519 1187 645 1227; x_wconf 83' lang='lat' dir='ltr'>placent</span> <span class='ocrx_word' id='word_1_120' title='bbox 685 1186 772 1228; x_wconf 83' lang='lat' dir='ltr'>genti</span> 
     </span>
     <span class='ocr_line' id='line_1_26' title="bbox 120 1230 365 1270; baseline 0 -10"><span class='ocrx_word' id='word_1_121' title='bbox 120 1230 243 1270; x_wconf 88' lang='lat' dir='ltr'>cuique,</span> <span class='ocrx_word' id='word_1_122' title='bbox 257 1230 299 1261; x_wconf 86' lang='lat' dir='ltr'>iii.</span> <span class='ocrx_word' id='word_1_123' title='bbox 313 1234 365 1260; x_wconf 87' lang='lat'>58.</span> 
     </span>
    </p>

    <p class='ocr_par' dir='ltr' id='par_1_17' title="bbox 81 1273 772 1356">
     <span class='ocr_line' id='line_1_27' title="bbox 81 1273 772 1313; baseline 0 -10"><span class='ocrx_word' id='word_1_124' title='bbox 81 1273 272 1303; x_wconf 84' lang='lat' dir='ltr'>Consultant</span> <span class='ocrx_word' id='word_1_125' title='bbox 310 1274 415 1304; x_wconf 84' lang='lat' dir='ltr'>Persae</span> <span class='ocrx_word' id='word_1_126' title='bbox 452 1273 533 1303; x_wconf 85' lang='lat' dir='ltr'>inter</span> <span class='ocrx_word' id='word_1_127' title='bbox 575 1273 696 1313; x_wconf 81' lang='lat' dir='ltr'>pocula,</span> <span class='ocrx_word' id='word_1_128' title='bbox 740 1280 772 1303; x_wconf 86' lang='lat' dir='ltr'>et</span> 
     </span>
     <span class='ocr_line' id='line_1_28' title="bbox 120 1316 771 1356; baseline 0 -10"><span class='ocrx_word' id='word_1_129' title='bbox 120 1316 250 1356; x_wconf 89' lang='lat' dir='ltr'>quidem</span> <span class='ocrx_word' id='word_1_130' title='bbox 272 1316 311 1346; x_wconf 86' lang='lat' dir='ltr'>de</span> <span class='ocrx_word' id='word_1_131' title='bbox 332 1318 426 1346; x_wconf 86' lang='lat' dir='ltr'>rebus</span> <span class='ocrx_word' id='word_1_132' title='bbox 449 1316 543 1346; x_wconf 91' lang='lat' dir='ltr'>etiam</span> <span class='ocrx_word' id='word_1_133' title='bbox 566 1317 702 1346; x_wconf 78' lang='lat' dir='ltr'>maxime</span> <span class='ocrx_word' id='word_1_134' title='bbox 724 1325 771 1346; x_wconf 86' lang='lat' dir='ltr'>se-</span> 
     </span>
    </p>
   </div>
   <div class='ocr_carea' id='block_1_3' title="bbox 635 893 777 917">
    <p class='ocr_par' dir='ltr' id='par_1_18' title="bbox 635 893 777 917">
     <span class='ocr_line' id='line_1_29' title="bbox 635 893 777 917; baseline -0.007 0"><span class='ocrx_word' id='word_1_135' title='bbox 635 893 777 917; x_wconf 84' lang='lat' dir='ltr'>ventrem</span> 
     </span>
    </p>
   </div>
   <div class='ocr_carea' id='block_1_4' title="bbox 74 1359 773 2946">
    <p class='ocr_par' dir='ltr' id='par_1_19' title="bbox 117 1359 773 1530">
     <span class='ocr_line' id='line_1_30' title="bbox 119 1359 773 1394; baseline 0.002 -6"><span class='ocrx_word' id='word_1_136' title='bbox 119 1359 182 1394; x_wconf 89' lang='lat' dir='ltr'>riis,</span> <span class='ocrx_word' id='word_1_137' title='bbox 206 1359 260 1389; x_wconf 87' lang='lat' dir='ltr'>sed</span> <span class='ocrx_word' id='word_1_138' title='bbox 281 1361 320 1389; x_wconf 88' lang='lat' dir='ltr'>ab</span> <span class='ocrx_word' id='word_1_139' title='bbox 337 1359 451 1390; x_wconf 84' lang='lat' dir='ltr'>iisdem</span> <span class='ocrx_word' id='word_1_140' title='bbox 467 1359 575 1390; x_wconf 83' lang='lat' dir='ltr'>sobriis</span> <span class='ocrx_word' id='word_1_141' title='bbox 596 1359 773 1390; x_wconf 87' lang='lat' dir='ltr'>confirmari</span> 
     </span>
     <span class='ocr_line' id='line_1_31' title="bbox 119 1402 765 1443; baseline 0 -11"><span class='ocrx_word' id='word_1_142' title='bbox 119 1408 242 1441; x_wconf 81' lang='lat' dir='ltr'>oportet</span> <span class='ocrx_word' id='word_1_143' title='bbox 256 1402 386 1433; x_wconf 83' lang='lat' dir='ltr'>consilia</span> <span class='ocrx_word' id='word_1_144' title='bbox 399 1413 470 1443; x_wconf 90' lang='lat' dir='ltr'>quae</span> <span class='ocrx_word' id='word_1_145' title='bbox 491 1409 562 1433; x_wconf 90' lang='lat' dir='ltr'>tum</span> <span class='ocrx_word' id='word_1_146' title='bbox 584 1408 674 1442; x_wconf 84' lang='lat' dir='ltr'>capta</span> <span class='ocrx_word' id='word_1_147' title='bbox 694 1403 765 1434; x_wconf 78' lang='lat' dir='ltr'>fue-</span> 
     </span>
     <span class='ocr_line' id='line_1_32' title="bbox 117 1445 766 1480; baseline 0.002 -6"><span class='ocrx_word' id='word_1_148' title='bbox 117 1445 189 1480; x_wconf 81' lang='lat' dir='ltr'>rint,</span> <span class='ocrx_word' id='word_1_149' title='bbox 206 1445 226 1475; x_wconf 91' lang='lat' dir='ltr'>i.</span> <span class='ocrx_word' id='word_1_150' title='bbox 260 1449 328 1476; x_wconf 86' lang='grc'><strong>155.</strong></span> <span class='ocrx_word' id='word_1_151' title='bbox 357 1445 532 1476; x_wconf 87' lang='lat' dir='ltr'>consultare</span> <span class='ocrx_word' id='word_1_152' title='bbox 559 1447 640 1476; x_wconf 87' lang='lat' dir='ltr'>bene</span> <span class='ocrx_word' id='word_1_153' title='bbox 667 1445 766 1476; x_wconf 84' lang='lat' dir='ltr'>maxi-</span> 
     </span>
     <span class='ocr_line' id='line_1_33' title="bbox 119 1488 643 1530; baseline 0.002 -13"><span class='ocrx_word' id='word_1_154' title='bbox 119 1498 211 1518; x_wconf 90' lang='lat' dir='ltr'>mum</span> <span class='ocrx_word' id='word_1_155' title='bbox 226 1495 272 1518; x_wconf 88' lang='lat' dir='ltr'>est</span> <span class='ocrx_word' id='word_1_156' title='bbox 285 1488 419 1523; x_wconf 78' lang='lat' dir='ltr'>lucrum,</span> <span class='ocrx_word' id='word_1_157' title='bbox 436 1489 487 1519; x_wconf 88' lang='lat' dir='ltr'>vii.</span> <span class='ocrx_word' id='word_1_158' title='bbox 505 1492 552 1519; x_wconf 89' lang='lat'>10.</span> <span class='ocrx_word' id='word_1_159' title='bbox 568 1491 598 1530; x_wconf 82' lang='lat'>§.</span> <span class='ocrx_word' id='word_1_160' title='bbox 613 1493 643 1518; x_wconf 88' lang='lat'>4.</span> 
     </span>
    </p>

    <p class='ocr_par' dir='ltr' id='par_1_20' title="bbox 77 1531 557 1567">
     <span class='ocr_line' id='line_1_34' title="bbox 77 1531 557 1567; baseline 0 -5"><span class='ocrx_word' id='word_1_161' title='bbox 77 1531 298 1562; x_wconf 81' lang='lat' dir='ltr'>Contadesdus</span> <span class='ocrx_word' id='word_1_162' title='bbox 312 1531 434 1567; x_wconf 89' lang='lat' dir='ltr'>fluvius,</span> <span class='ocrx_word' id='word_1_163' title='bbox 451 1532 489 1562; x_wconf 89' lang='lat' dir='ltr'>iv.</span> <span class='ocrx_word' id='word_1_164' title='bbox 506 1536 557 1563; x_wconf 89' lang='grc'>90.</span> 
     </span>
    </p>

    <p class='ocr_par' dir='ltr' id='par_1_21' title="bbox 80 1574 616 1609">
     <span class='ocr_line' id='line_1_35' title="bbox 80 1574 616 1609; baseline 0.002 -5"><span class='ocrx_word' id='word_1_165' title='bbox 80 1574 225 1604; x_wconf 86' lang='lat' dir='ltr'>Convitia</span> <span class='ocrx_word' id='word_1_166' title='bbox 238 1574 360 1604; x_wconf 88' lang='lat' dir='ltr'>irritant</span> <span class='ocrx_word' id='word_1_167' title='bbox 373 1575 461 1609; x_wconf 87' lang='lat' dir='ltr'>iram,</span> <span class='ocrx_word' id='word_1_168' title='bbox 478 1574 528 1604; x_wconf 87' lang='lat' dir='ltr'>vii.</span> <span class='ocrx_word' id='word_1_169' title='bbox 546 1578 616 1605; x_wconf 88' lang='grc'><strong>160.</strong></span> 
     </span>
    </p>

    <p class='ocr_par' dir='ltr' id='par_1_22' title="bbox 79 1617 472 1656">
     <span class='ocr_line' id='line_1_36' title="bbox 79 1617 472 1656; baseline 0.008 -10"><span class='ocrx_word' id='word_1_170' title='bbox 79 1617 194 1656; x_wconf 89' lang='lat' dir='ltr'>Copais</span> <span class='ocrx_word' id='word_1_171' title='bbox 207 1617 306 1656; x_wconf 62' lang='lat' dir='ltr'>palus,</span> <span class='ocrx_word' id='word_1_172' title='bbox 322 1617 385 1648; x_wconf 81' lang='lat' dir='ltr'>viii.</span> <span class='ocrx_word' id='word_1_173' title='bbox 403 1621 472 1649; x_wconf 77' lang='lat'>155.</span> 
     </span>
    </p>

    <p class='ocr_par' dir='ltr' id='par_1_23' title="bbox 79 1659 769 1742">
     <span class='ocr_line' id='line_1_37' title="bbox 79 1659 769 1700; baseline 0 -10"><span class='ocrx_word' id='word_1_174' title='bbox 79 1660 217 1700; x_wconf 84' lang='lat' dir='ltr'>Corcyra</span> <span class='ocrx_word' id='word_1_175' title='bbox 231 1671 250 1690; x_wconf 86' lang='lat' dir='ltr'>a</span> <span class='ocrx_word' id='word_1_176' title='bbox 275 1660 445 1691; x_wconf 85' lang='lat' dir='ltr'>Corinthiis</span> <span class='ocrx_word' id='word_1_177' title='bbox 459 1660 593 1697; x_wconf 83' lang='lat' dir='ltr'>condita,</span> <span class='ocrx_word' id='word_1_178' title='bbox 610 1659 653 1691; x_wconf 87' lang='lat' dir='ltr'>iii.</span> <span class='ocrx_word' id='word_1_179' title='bbox 667 1663 720 1692; x_wconf 85' lang='lat'>49.</span> <span class='ocrx_word' id='word_1_180' title='bbox 740 1659 769 1690; x_wconf 88' lang='lat' dir='ltr'>ei</span> 
     </span>
     <span class='ocr_line' id='line_1_38' title="bbox 120 1702 589 1742; baseline 0.002 -10"><span class='ocrx_word' id='word_1_181' title='bbox 120 1702 277 1742; x_wconf 87' lang='lat' dir='ltr'>imperitat</span> <span class='ocrx_word' id='word_1_182' title='bbox 294 1703 472 1739; x_wconf 81' lang='lat' dir='ltr'>Periander,</span> <span class='ocrx_word' id='word_1_183' title='bbox 486 1703 528 1734; x_wconf 74' lang='lat' dir='ltr'>iii.</span> <span class='ocrx_word' id='word_1_184' title='bbox 539 1707 589 1734; x_wconf 82' lang='lat'>52.</span> 
     </span>
    </p>

    <p class='ocr_par' dir='ltr' id='par_1_24' title="bbox 79 1745 768 1956">
     <span class='ocr_line' id='line_1_39' title="bbox 79 1745 763 1786; baseline 0 -10"><span class='ocrx_word' id='word_1_185' title='bbox 79 1745 245 1786; x_wconf 63' lang='lat' dir='ltr'>Corcyraei,</span> <span class='ocrx_word' id='word_1_186' title='bbox 262 1746 304 1775; x_wconf 81' lang='lat' dir='ltr'>iii.</span> <span class='ocrx_word' id='word_1_187' title='bbox 318 1750 369 1776; x_wconf 80' lang='lat'>48.</span> <span class='ocrx_word' id='word_1_188' title='bbox 392 1751 442 1778; x_wconf 89' lang='lat'>49.</span> <span class='ocrx_word' id='word_1_189' title='bbox 463 1756 575 1776; x_wconf 90' lang='lat' dir='ltr'>eorum</span> <span class='ocrx_word' id='word_1_190' title='bbox 597 1756 671 1776; x_wconf 90' lang='lat' dir='ltr'>cum</span> <span class='ocrx_word' id='word_1_191' title='bbox 703 1746 763 1776; x_wconf 92' lang='lat' dir='ltr'>Co-</span> 
     </span>
     <span class='ocr_line' id='line_1_40' title="bbox 117 1789 768 1828; baseline 0.002 -10"><span class='ocrx_word' id='word_1_192' title='bbox 117 1789 240 1819; x_wconf 86' lang='lat' dir='ltr'>rinthiis</span> <span class='ocrx_word' id='word_1_193' title='bbox 268 1795 419 1828; x_wconf 89' lang='lat' dir='ltr'>perpetua</span> <span class='ocrx_word' id='word_1_194' title='bbox 448 1789 608 1824; x_wconf 79' lang='lat' dir='ltr'>discordia,</span> <span class='ocrx_word' id='word_1_195' title='bbox 645 1789 688 1819; x_wconf 87' lang='lat' dir='ltr'>iii.</span> <span class='ocrx_word' id='word_1_196' title='bbox 715 1792 768 1820; x_wconf 89' lang='lat'>49.</span> 
     </span>
     <span class='ocr_line' id='line_1_41' title="bbox 116 1830 767 1868; baseline 0 -7"><span class='ocrx_word' id='word_1_197' title='bbox 116 1830 311 1862; x_wconf 80' lang='lat' dir='ltr'>interficiunt</span> <span class='ocrx_word' id='word_1_198' title='bbox 336 1831 497 1862; x_wconf 73' lang='lat' dir='ltr'>Periandri</span> <span class='ocrx_word' id='word_1_199' title='bbox 520 1832 628 1868; x_wconf 82' lang='lat' dir='ltr'>filium,</span> <span class='ocrx_word' id='word_1_200' title='bbox 652 1832 695 1862; x_wconf 87' lang='lat' dir='ltr'>iii.</span> <span class='ocrx_word' id='word_1_201' title='bbox 718 1836 767 1863; x_wconf 87' lang='grc'>55.</span> 
     </span>
     <span class='ocr_line' id='line_1_42' title="bbox 116 1874 768 1905; baseline 0.002 -1"><span class='ocrx_word' id='word_1_202' title='bbox 116 1874 152 1904; x_wconf 82' lang='grc' dir='ltr'>ἰιι</span> <span class='ocrx_word' id='word_1_203' title='bbox 166 1874 249 1905; x_wconf 91' lang='lat' dir='ltr'>bello</span> <span class='ocrx_word' id='word_1_204' title='bbox 274 1875 438 1905; x_wconf 82' lang='lat' dir='ltr'>Xerxiano</span> <span class='ocrx_word' id='word_1_205' title='bbox 459 1881 562 1905; x_wconf 84' lang='lat' dir='ltr'>astute</span> <span class='ocrx_word' id='word_1_206' title='bbox 582 1881 768 1905; x_wconf 77' lang='lat' dir='ltr'>neutrarum</span> 
     </span>
     <span class='ocr_line' id='line_1_43' title="bbox 119 1917 422 1956; baseline 0 -9"><span class='ocrx_word' id='word_1_207' title='bbox 119 1917 265 1956; x_wconf 88' lang='lat' dir='ltr'>partium,</span> <span class='ocrx_word' id='word_1_208' title='bbox 283 1918 334 1947; x_wconf 83' lang='lat' dir='ltr'>vii.</span> <span class='ocrx_word' id='word_1_209' title='bbox 354 1921 422 1948; x_wconf 88' lang='lat'>168.</span> 
     </span>
    </p>

    <p class='ocr_par' dir='ltr' id='par_1_25' title="bbox 77 1960 661 2001">
     <span class='ocr_line' id='line_1_44' title="bbox 77 1960 661 2001; baseline 0.002 -11"><span class='ocrx_word' id='word_1_210' title='bbox 77 1960 229 1990; x_wconf 86' lang='lat' dir='ltr'>Coressus</span> <span class='ocrx_word' id='word_1_211' title='bbox 243 1961 276 1990; x_wconf 90' lang='lat' dir='ltr'>in</span> <span class='ocrx_word' id='word_1_212' title='bbox 291 1971 367 2001; x_wconf 89' lang='lat' dir='ltr'>agro</span> <span class='ocrx_word' id='word_1_213' title='bbox 384 1961 531 2000; x_wconf 84' lang='lat' dir='ltr'>Ephesio,</span> <span class='ocrx_word' id='word_1_214' title='bbox 545 1971 573 1991; x_wconf 88' lang='lat' dir='ltr'>v.</span> <span class='ocrx_word' id='word_1_215' title='bbox 591 1963 661 1991; x_wconf 91' lang='lat' dir='ltr'>loo.</span> 
     </span>
    </p>

    <p class='ocr_par' dir='ltr' id='par_1_26' title="bbox 77 2003 769 2764">
     <span class='ocr_line' id='line_1_45' title="bbox 77 2003 769 2044; baseline -0.001 -10"><span class='ocrx_word' id='word_1_216' title='bbox 77 2003 317 2034; x_wconf 86' lang='lat' dir='ltr'>Corinthiorum</span> <span class='ocrx_word' id='word_1_217' title='bbox 337 2004 463 2044; x_wconf 81' lang='lat' dir='ltr'>tyranni</span> <span class='ocrx_word' id='word_1_218' title='bbox 493 2004 611 2034; x_wconf 90' lang='lat' dir='ltr'>Eetion</span> <span class='ocrx_word' id='word_1_219' title='bbox 625 2010 658 2034; x_wconf 91' lang='lat' dir='ltr'>et</span> <span class='ocrx_word' id='word_1_220' title='bbox 681 2003 769 2033; x_wconf 88' lang='lat' dir='ltr'>Peri-</span> 
     </span>
     <span class='ocr_line' id='line_1_46' title="bbox 113 2046 766 2079; baseline 0 -3"><span class='ocrx_word' id='word_1_221' title='bbox 113 2046 213 2076; x_wconf 81' lang='lat' dir='ltr'>ander</span> <span class='ocrx_word' id='word_1_222' title='bbox 242 2046 334 2079; x_wconf 82' lang='lat' dir='ltr'>filius‚</span> <span class='ocrx_word' id='word_1_223' title='bbox 365 2057 393 2076; x_wconf 88' lang='lat' dir='ltr'>v.</span> <span class='ocrx_word' id='word_1_224' title='bbox 424 2051 474 2078; x_wconf 91' lang='lat'>92.</span> <span class='ocrx_word' id='word_1_225' title='bbox 506 2046 662 2077; x_wconf 88' lang='lat' dir='ltr'>Corinthii</span> <span class='ocrx_word' id='word_1_226' title='bbox 690 2056 766 2076; x_wconf 88' lang='lat' dir='ltr'>cccc</span> 
     </span>
     <span class='ocr_line' id='line_1_47' title="bbox 115 2089 769 2126; baseline 0 -7"><span class='ocrx_word' id='word_1_227' title='bbox 115 2089 263 2120; x_wconf 87' lang='lat' dir='ltr'>adversus</span> <span class='ocrx_word' id='word_1_228' title='bbox 279 2090 408 2120; x_wconf 87' lang='lat' dir='ltr'>Persam</span> <span class='ocrx_word' id='word_1_229' title='bbox 423 2090 519 2126; x_wconf 86' lang='lat' dir='ltr'>missi,</span> <span class='ocrx_word' id='word_1_230' title='bbox 535 2091 585 2119; x_wconf 80' lang='lat' dir='ltr'>vii.</span> <span class='ocrx_word' id='word_1_231' title='bbox 609 2094 682 2120; x_wconf 91' lang='grc'><strong>200.</strong></span> <span class='ocrx_word' id='word_1_232' title='bbox 706 2090 769 2120; x_wconf 84' lang='lat' dir='ltr'>Co-</span> 
     </span>
     <span class='ocr_line' id='line_1_48' title="bbox 116 2132 769 2163; baseline 0.002 -2"><span class='ocrx_word' id='word_1_233' title='bbox 116 2132 225 2162; x_wconf 85' lang='lat' dir='ltr'>rinthii</span> <span class='ocrx_word' id='word_1_234' title='bbox 264 2133 395 2163; x_wconf 88' lang='lat' dir='ltr'>minime</span> <span class='ocrx_word' id='word_1_235' title='bbox 438 2133 614 2163; x_wconf 86' lang='lat' dir='ltr'>contemtui</span> <span class='ocrx_word' id='word_1_236' title='bbox 653 2133 769 2162; x_wconf 88' lang='lat' dir='ltr'>habent</span> 
     </span>
     <span class='ocr_line' id='line_1_49' title="bbox 115 2175 767 2214; baseline 0.002 -10"><span class='ocrx_word' id='word_1_237' title='bbox 115 2175 250 2214; x_wconf 86' lang='lat' dir='ltr'>opifices,</span> <span class='ocrx_word' id='word_1_238' title='bbox 267 2176 297 2206; x_wconf 90' lang='lat' dir='ltr'>ii.</span> <span class='ocrx_word' id='word_1_239' title='bbox 332 2180 400 2207; x_wconf 87' lang='lat'>167.</span> <span class='ocrx_word' id='word_1_240' title='bbox 437 2176 679 2207; x_wconf 88' lang='lat' dir='ltr'>Corinthiorum</span> <span class='ocrx_word' id='word_1_241' title='bbox 700 2176 767 2205; x_wconf 91' lang='lat' dir='ltr'>the-</span> 
     </span>
     <span class='ocr_line' id='line_1_50' title="bbox 117 2218 768 2255; baseline 0 -7"><span class='ocrx_word' id='word_1_242' title='bbox 117 2228 240 2255; x_wconf 87' lang='lat' dir='ltr'>saurus,</span> <span class='ocrx_word' id='word_1_243' title='bbox 255 2218 275 2248; x_wconf 87' lang='lat' dir='ltr'>i.</span> <span class='ocrx_word' id='word_1_244' title='bbox 291 2222 340 2249; x_wconf 89' lang='lat'>14.</span> <span class='ocrx_word' id='word_1_245' title='bbox 365 2223 414 2250; x_wconf 91' lang='lat'>50.</span> <span class='ocrx_word' id='word_1_246' title='bbox 440 2219 479 2249; x_wconf 90' lang='lat' dir='ltr'>iv.</span> <span class='ocrx_word' id='word_1_247' title='bbox 508 2223 576 2250; x_wconf 92' lang='lat'>162.</span> <span class='ocrx_word' id='word_1_248' title='bbox 600 2229 711 2249; x_wconf 90' lang='lat' dir='ltr'>eorum</span> <span class='ocrx_word' id='word_1_249' title='bbox 737 2224 768 2248; x_wconf 91' lang='lat' dir='ltr'>et</span> 
     </span>
     <span class='ocr_line' id='line_1_51' title="bbox 119 2261 769 2296; baseline 0 -5"><span class='ocrx_word' id='word_1_250' title='bbox 119 2261 298 2291; x_wconf 82' lang='lat' dir='ltr'>Samiorum</span> <span class='ocrx_word' id='word_1_251' title='bbox 320 2261 502 2296; x_wconf 86' lang='lat' dir='ltr'>simultates,</span> <span class='ocrx_word' id='word_1_252' title='bbox 523 2262 565 2292; x_wconf 88' lang='lat' dir='ltr'>iii</span> <span class='ocrx_word' id='word_1_253' title='bbox 586 2266 636 2292; x_wconf 89' lang='lat'>48.</span> <span class='ocrx_word' id='word_1_254' title='bbox 658 2271 769 2292; x_wconf 86' lang='lat' dir='ltr'>eorum</span> 
     </span>
     <span class='ocr_line' id='line_1_52' title="bbox 116 2304 767 2344; baseline 0 -10"><span class='ocrx_word' id='word_1_255' title='bbox 116 2313 192 2334; x_wconf 88' lang='lat' dir='ltr'>cum</span> <span class='ocrx_word' id='word_1_256' title='bbox 211 2305 381 2344; x_wconf 88' lang='lat' dir='ltr'>Corcyraeis</span> <span class='ocrx_word' id='word_1_257' title='bbox 396 2304 556 2339; x_wconf 86' lang='lat' dir='ltr'>discordia,</span> <span class='ocrx_word' id='word_1_258' title='bbox 573 2304 616 2334; x_wconf 90' lang='lat' dir='ltr'>iii.</span> <span class='ocrx_word' id='word_1_259' title='bbox 629 2309 680 2336; x_wconf 85' lang='lat'>49.</span> <span class='ocrx_word' id='word_1_260' title='bbox 706 2305 767 2335; x_wconf 93' lang='lat' dir='ltr'>Co-</span> 
     </span>
     <span class='ocr_line' id='line_1_53' title="bbox 114 2346 769 2386; baseline -0.002 -9"><span class='ocrx_word' id='word_1_261' title='bbox 114 2346 224 2377; x_wconf 82' lang='lat' dir='ltr'>rinthii</span> <span class='ocrx_word' id='word_1_262' title='bbox 240 2347 495 2386; x_wconf 88' lang='lat' dir='ltr'>Peloponnenses</span> <span class='ocrx_word' id='word_1_263' title='bbox 509 2354 619 2378; x_wconf 89' lang='lat' dir='ltr'>contra</span> <span class='ocrx_word' id='word_1_264' title='bbox 636 2347 769 2377; x_wconf 89' lang='lat' dir='ltr'>Atheni-</span> 
     </span>
     <span class='ocr_line' id='line_1_54' title="bbox 113 2390 769 2427; baseline -0.002 -7"><span class='ocrx_word' id='word_1_265' title='bbox 113 2400 206 2420; x_wconf 87' lang='lat' dir='ltr'>enses</span> <span class='ocrx_word' id='word_1_266' title='bbox 249 2390 407 2427; x_wconf 86' lang='lat' dir='ltr'>deserunt‚</span> <span class='ocrx_word' id='word_1_267' title='bbox 446 2401 474 2421; x_wconf 88' lang='lat' dir='ltr'>v.</span> <span class='ocrx_word' id='word_1_268' title='bbox 518 2394 569 2422; x_wconf 91' lang='lat'>75.</span> <span class='ocrx_word' id='word_1_269' title='bbox 615 2390 769 2421; x_wconf 87' lang='lat' dir='ltr'>Corinthii</span> 
     </span>
     <span class='ocr_line' id='line_1_55' title="bbox 117 2433 766 2464; baseline 0 -2"><span class='ocrx_word' id='word_1_270' title='bbox 117 2438 212 2463; x_wconf 56' lang='lat' dir='ltr'>naves</span> <span class='ocrx_word' id='word_1_271' title='bbox 234 2443 367 2464; x_wconf 86' lang='lat' dir='ltr'>nummo</span> <span class='ocrx_word' id='word_1_272' title='bbox 389 2433 531 2464; x_wconf 85' lang='lat' dir='ltr'>vendunt</span> <span class='ocrx_word' id='word_1_273' title='bbox 565 2433 766 2463; x_wconf 87' lang='lat' dir='ltr'>Atheniensi-</span> 
     </span>
     <span class='ocr_line' id='line_1_56' title="bbox 116 2475 765 2517; baseline 0 -11"><span class='ocrx_word' id='word_1_274' title='bbox 116 2477 185 2510; x_wconf 89' lang='lat' dir='ltr'>bus,</span> <span class='ocrx_word' id='word_1_275' title='bbox 201 2475 285 2506; x_wconf 91' lang='lat' dir='ltr'>dono</span> <span class='ocrx_word' id='word_1_276' title='bbox 300 2476 373 2506; x_wconf 89' lang='lat' dir='ltr'>dare</span> <span class='ocrx_word' id='word_1_277' title='bbox 386 2476 457 2517; x_wconf 89' lang='lat' dir='ltr'>lege</span> <span class='ocrx_word' id='word_1_278' title='bbox 474 2476 628 2515; x_wconf 84' lang='lat' dir='ltr'>prohibiti,</span> <span class='ocrx_word' id='word_1_279' title='bbox 652 2476 692 2506; x_wconf 89' lang='lat' dir='ltr'>vi.</span> <span class='ocrx_word' id='word_1_280' title='bbox 716 2480 765 2508; x_wconf 89' lang='lat'>89.</span> 
     </span>
     <span class='ocr_line' id='line_1_57' title="bbox 117 2519 767 2559; baseline -0.002 -10"><span class='ocrx_word' id='word_1_281' title='bbox 117 2529 229 2549; x_wconf 86' lang='lat' dir='ltr'>eorum</span> <span class='ocrx_word' id='word_1_282' title='bbox 257 2519 335 2559; x_wconf 86' lang='lat' dir='ltr'>fuga</span> <span class='ocrx_word' id='word_1_283' title='bbox 361 2519 459 2549; x_wconf 87' lang='lat' dir='ltr'>socios</span> <span class='ocrx_word' id='word_1_284' title='bbox 493 2519 705 2549; x_wconf 85' lang='lat' dir='ltr'>deserentium</span> <span class='ocrx_word' id='word_1_285' title='bbox 734 2520 767 2548; x_wconf 92' lang='lat' dir='ltr'>in</span> 
     </span>
     <span class='ocr_line' id='line_1_58' title="bbox 116 2561 764 2598; baseline 0 -7"><span class='ocrx_word' id='word_1_286' title='bbox 116 2561 200 2592; x_wconf 92' lang='lat' dir='ltr'>bello</span> <span class='ocrx_word' id='word_1_287' title='bbox 217 2562 350 2598; x_wconf 85' lang='lat' dir='ltr'>Persico,</span> <span class='ocrx_word' id='word_1_288' title='bbox 367 2562 432 2592; x_wconf 82' lang='lat' dir='ltr'>viii.</span> <span class='ocrx_word' id='word_1_289' title='bbox 444 2566 494 2594; x_wconf 83' lang='lat'>94.</span> <span class='ocrx_word' id='word_1_290' title='bbox 509 2562 639 2593; x_wconf 82' lang='lat' dir='ltr'>eorund.</span> <span class='ocrx_word' id='word_1_291' title='bbox 659 2562 764 2596; x_wconf 87' lang='lat' dir='ltr'>virtus,</span> 
     </span>
     <span class='ocr_line' id='line_1_59' title="bbox 115 2604 767 2635; baseline 0.002 -1"><span class='ocrx_word' id='word_1_292' title='bbox 115 2604 158 2635; x_wconf 82' lang='lat' dir='ltr'>ix.</span> <span class='ocrx_word' id='word_1_293' title='bbox 179 2608 247 2635; x_wconf 92' lang='grc'><strong>102.</strong></span> <span class='ocrx_word' id='word_1_294' title='bbox 266 2605 437 2635; x_wconf 83' lang='lat' dir='ltr'>Corinthiae</span> <span class='ocrx_word' id='word_1_295' title='bbox 453 2605 599 2635; x_wconf 89' lang='lat' dir='ltr'>mulieres</span> <span class='ocrx_word' id='word_1_296' title='bbox 614 2605 767 2635; x_wconf 85' lang='lat' dir='ltr'>universae</span> 
     </span>
     <span class='ocr_line' id='line_1_60' title="bbox 117 2647 766 2682; baseline 0 -5"><span class='ocrx_word' id='word_1_297' title='bbox 117 2654 222 2678; x_wconf 85' lang='lat' dir='ltr'>exutae</span> <span class='ocrx_word' id='word_1_298' title='bbox 237 2658 256 2677; x_wconf 92' lang='lat' dir='ltr'>a</span> <span class='ocrx_word' id='word_1_299' title='bbox 274 2647 445 2678; x_wconf 86' lang='lat' dir='ltr'>Periandro</span> <span class='ocrx_word' id='word_1_300' title='bbox 461 2655 491 2677; x_wconf 91' lang='lat' dir='ltr'>et</span> <span class='ocrx_word' id='word_1_301' title='bbox 506 2658 569 2682; x_wconf 84' lang='lat' dir='ltr'>cur,</span> <span class='ocrx_word' id='word_1_302' title='bbox 587 2659 614 2677; x_wconf 92' lang='lat' dir='ltr'>v.</span> <span class='ocrx_word' id='word_1_303' title='bbox 637 2652 685 2679; x_wconf 87' lang='lat'>92.</span> <span class='ocrx_word' id='word_1_304' title='bbox 705 2648 766 2678; x_wconf 93' lang='lat' dir='ltr'>Co-</span> 
     </span>
     <span class='ocr_line' id='line_1_61' title="bbox 116 2690 766 2728; baseline 0.002 -8"><span class='ocrx_word' id='word_1_305' title='bbox 116 2690 233 2720; x_wconf 89' lang='lat' dir='ltr'>rinthia</span> <span class='ocrx_word' id='word_1_306' title='bbox 246 2692 339 2721; x_wconf 87' lang='lat' dir='ltr'>vestis</span> <span class='ocrx_word' id='word_1_307' title='bbox 353 2691 405 2721; x_wconf 91' lang='lat' dir='ltr'>cui</span> <span class='ocrx_word' id='word_1_308' title='bbox 419 2690 578 2722; x_wconf 85' lang='lat' dir='ltr'>simillima</span> <span class='ocrx_word' id='word_1_309' title='bbox 599 2696 645 2721; x_wconf 85' lang='lat' dir='ltr'>est</span> <span class='ocrx_word' id='word_1_310' title='bbox 662 2691 766 2728; x_wconf 88' lang='lat' dir='ltr'>Doris,</span> 
     </span>
     <span class='ocr_line' id='line_1_62' title="bbox 117 2736 210 2764; baseline 0 -2"><span class='ocrx_word' id='word_1_311' title='bbox 117 2743 146 2762; x_wconf 88' lang='lat' dir='ltr'>v.</span> <span class='ocrx_word' id='word_1_312' title='bbox 159 2736 210 2764; x_wconf 89' lang='lat'>87.</span> 
     </span>
    </p>

    <p class='ocr_par' dir='ltr' id='par_1_27' title="bbox 74 2775 470 2811">
     <span class='ocr_line' id='line_1_63' title="bbox 74 2775 470 2811; baseline 0.003 -5"><span class='ocrx_word' id='word_1_313' title='bbox 74 2775 249 2806; x_wconf 88' lang='lat' dir='ltr'>Corinthus</span> <span class='ocrx_word' id='word_1_314' title='bbox 262 2776 347 2811; x_wconf 78' lang='lat' dir='ltr'>felix,</span> <span class='ocrx_word' id='word_1_315' title='bbox 362 2776 405 2806; x_wconf 83' lang='lat' dir='ltr'>iii.</span> <span class='ocrx_word' id='word_1_316' title='bbox 420 2780 470 2808; x_wconf 87' lang='grc'><strong>52.</strong></span> 
     </span>
    </p>

    <p class='ocr_par' dir='ltr' id='par_1_28' title="bbox 77 2819 770 2898">
     <span class='ocr_line' id='line_1_64' title="bbox 77 2819 770 2858; baseline 0.006 -10"><span class='ocrx_word' id='word_1_317' title='bbox 77 2819 207 2849; x_wconf 86' lang='lat' dir='ltr'>Cornua</span> <span class='ocrx_word' id='word_1_318' title='bbox 220 2820 384 2858; x_wconf 87' lang='lat' dir='ltr'>pecoribus</span> <span class='ocrx_word' id='word_1_319' title='bbox 405 2821 459 2850; x_wconf 91' lang='lat' dir='ltr'>ubi</span> <span class='ocrx_word' id='word_1_320' title='bbox 483 2825 606 2851; x_wconf 91' lang='lat' dir='ltr'>mature</span> <span class='ocrx_word' id='word_1_321' title='bbox 620 2827 678 2852; x_wconf 88' lang='lat' dir='ltr'>aut</span> <span class='ocrx_word' id='word_1_322' title='bbox 702 2830 770 2851; x_wconf 86' lang='lat' dir='ltr'>sero</span> 
     </span>
     <span class='ocr_line' id='line_1_65' title="bbox 119 2863 422 2898; baseline 0.003 -6"><span class='ocrx_word' id='word_1_323' title='bbox 119 2868 300 2898; x_wconf 85' lang='lat' dir='ltr'>nascuntur,</span> <span class='ocrx_word' id='word_1_324' title='bbox 316 2863 356 2893; x_wconf 90' lang='lat' dir='ltr'>iv.</span> <span class='ocrx_word' id='word_1_325' title='bbox 371 2867 422 2895; x_wconf 87' lang='lat'>29.</span> 
     </span>
    </p>

    <p class='ocr_par' dir='ltr' id='par_1_29' title="bbox 76 2903 601 2946">
     <span class='ocr_line' id='line_1_66' title="bbox 76 2903 601 2946; baseline 0.006 -11"><span class='ocrx_word' id='word_1_326' title='bbox 76 2903 231 2936; x_wconf 89' lang='lat' dir='ltr'>Corobius</span> <span class='ocrx_word' id='word_1_327' title='bbox 245 2906 458 2946; x_wconf 87' lang='lat' dir='ltr'>purpurarius,</span> <span class='ocrx_word' id='word_1_328' title='bbox 475 2906 514 2937; x_wconf 91' lang='lat' dir='ltr'>iv.</span> <span class='ocrx_word' id='word_1_329' title='bbox 531 2909 601 2938; x_wconf 83' lang='lat'>151.</span> 
     </span>
    </p>
   </div>
   <div class='ocr_carea' id='block_1_5' title="bbox 1483 114 1522 144">
    <p class='ocr_par' dir='ltr' id='par_1_30' title="bbox 1483 114 1522 144">
     <span class='ocr_line' id='line_1_67' title="bbox 1483 114 1522 144; baseline 0.051 -2"><span class='ocrx_word' id='word_1_330' title='bbox 1483 114 1522 144; x_wconf 82' lang='lat'>19</span> 
     </span>
    </p>
   </div>
   <div class='ocr_carea' id='block_1_6' title="bbox 812 198 1512 2947">
    <p class='ocr_par' dir='ltr' id='par_1_31' title="bbox 823 198 1512 278">
     <span class='ocr_line' id='line_1_68' title="bbox 823 198 1512 241; baseline -0.004 -10"><span class='ocrx_word' id='word_1_331' title='bbox 823 202 948 232; x_wconf 86' lang='lat' dir='ltr'>Corona</span> <span class='ocrx_word' id='word_1_332' title='bbox 982 199 1127 241; x_wconf 78' lang='lat' dir='ltr'>oleagina</span> <span class='ocrx_word' id='word_1_333' title='bbox 1167 198 1390 240; x_wconf 79' lang='lat' dir='ltr'>Olympiorum</span> <span class='ocrx_word' id='word_1_334' title='bbox 1432 207 1512 238; x_wconf 86' lang='lat' dir='ltr'>prae-</span> 
     </span>
     <span class='ocr_line' id='line_1_69' title="bbox 861 242 1113 278; baseline 0 -5"><span class='ocrx_word' id='word_1_335' title='bbox 861 243 972 278; x_wconf 73' lang='lat' dir='ltr'>mium,</span> <span class='ocrx_word' id='word_1_336' title='bbox 988 242 1113 276; x_wconf 82' lang='lat' dir='ltr'>viii.26.</span> 
     </span>
    </p>

    <p class='ocr_par' dir='ltr' id='par_1_32' title="bbox 820 284 1431 322">
     <span class='ocr_line' id='line_1_70' title="bbox 820 284 1431 322; baseline -0.005 -5"><span class='ocrx_word' id='word_1_337' title='bbox 820 286 966 318; x_wconf 88' lang='lat' dir='ltr'>Coronaei</span> <span class='ocrx_word' id='word_1_338' title='bbox 982 285 1205 316; x_wconf 88' lang='lat' dir='ltr'>Thebanorum</span> <span class='ocrx_word' id='word_1_339' title='bbox 1218 284 1321 322; x_wconf 87' lang='lat' dir='ltr'>vicini,</span> <span class='ocrx_word' id='word_1_340' title='bbox 1337 295 1366 314; x_wconf 90' lang='lat' dir='ltr'>v.</span> <span class='ocrx_word' id='word_1_341' title='bbox 1380 287 1398 316; x_wconf 89' lang='grc'><strong>7</strong></span> <span class='ocrx_word' id='word_1_342' title='bbox 1403 288 1431 316; x_wconf 86' lang='grc'>9.</span> 
     </span>
    </p>

    <p class='ocr_par' dir='ltr' id='par_1_33' title="bbox 820 328 1284 368">
     <span class='ocr_line' id='line_1_71' title="bbox 820 328 1284 368; baseline -0.002 -8"><span class='ocrx_word' id='word_1_343' title='bbox 820 329 946 360; x_wconf 83' lang='lat' dir='ltr'>Corsica</span> <span class='ocrx_word' id='word_1_344' title='bbox 960 328 1010 359; x_wconf 89' lang='lat' dir='ltr'>vel</span> <span class='ocrx_word' id='word_1_345' title='bbox 1027 329 1160 368; x_wconf 86' lang='lat' dir='ltr'>Cyrnus,</span> <span class='ocrx_word' id='word_1_346' title='bbox 1178 328 1197 358; x_wconf 88' lang='lat' dir='ltr'>i.</span> <span class='ocrx_word' id='word_1_347' title='bbox 1214 331 1284 359; x_wconf 87' lang='lat'>165.</span> 
     </span>
    </p>

    <p class='ocr_par' dir='ltr' id='par_1_34' title="bbox 821 372 1284 412">
     <span class='ocr_line' id='line_1_72' title="bbox 821 372 1284 412; baseline -0.004 -9"><span class='ocrx_word' id='word_1_348' title='bbox 821 372 991 412; x_wconf 86' lang='lat' dir='ltr'>Corycium</span> <span class='ocrx_word' id='word_1_349' title='bbox 1005 377 1140 406; x_wconf 87' lang='lat' dir='ltr'>antrum,</span> <span class='ocrx_word' id='word_1_350' title='bbox 1156 372 1218 401; x_wconf 85' lang='lat' dir='ltr'>viii.</span> <span class='ocrx_word' id='word_1_351' title='bbox 1233 375 1284 402; x_wconf 86' lang='lat'>56.</span> 
     </span>
    </p>

    <p class='ocr_par' dir='ltr' id='par_1_35' title="bbox 820 414 1388 454">
     <span class='ocr_line' id='line_1_73' title="bbox 820 414 1388 454; baseline -0.005 -8"><span class='ocrx_word' id='word_1_352' title='bbox 820 414 995 454; x_wconf 87' lang='lat' dir='ltr'>Corydalus</span> <span class='ocrx_word' id='word_1_353' title='bbox 1012 414 1235 454; x_wconf 85' lang='lat' dir='ltr'>Anticyrensis,</span> <span class='ocrx_word' id='word_1_354' title='bbox 1251 414 1302 444; x_wconf 89' lang='lat' dir='ltr'>vii.</span> <span class='ocrx_word' id='word_1_355' title='bbox 1317 417 1388 444; x_wconf 83' lang='lat'>214.</span> 
     </span>
    </p>

    <p class='ocr_par' dir='ltr' id='par_1_36' title="bbox 820 456 1315 497">
     <span class='ocr_line' id='line_1_74' title="bbox 820 456 1315 497; baseline -0.004 -8"><span class='ocrx_word' id='word_1_356' title='bbox 820 459 920 497; x_wconf 85' lang='lat' dir='ltr'>Corys</span> <span class='ocrx_word' id='word_1_357' title='bbox 938 457 1063 488; x_wconf 84' lang='lat' dir='ltr'>Arabiae</span> <span class='ocrx_word' id='word_1_358' title='bbox 1078 456 1206 493; x_wconf 86' lang='lat' dir='ltr'>flumen,</span> <span class='ocrx_word' id='word_1_359' title='bbox 1223 457 1265 487; x_wconf 83' lang='lat' dir='ltr'>iii.</span> <span class='ocrx_word' id='word_1_360' title='bbox 1288 462 1315 489; x_wconf 88' lang='lat'>9.</span> 
     </span>
    </p>

    <p class='ocr_par' dir='ltr' id='par_1_37' title="bbox 825 500 1146 541">
     <span class='ocr_line' id='line_1_75' title="bbox 825 500 1146 541; baseline -0.006 -10"><span class='ocrx_word' id='word_1_361' title='bbox 825 501 888 531; x_wconf 86' lang='lat' dir='ltr'>Cos</span> <span class='ocrx_word' id='word_1_362' title='bbox 904 501 1021 535; x_wconf 84' lang='lat' dir='ltr'>civitas,</span> <span class='ocrx_word' id='word_1_363' title='bbox 1038 500 1057 529; x_wconf 89' lang='lat' dir='ltr'>i.</span> <span class='ocrx_word' id='word_1_364' title='bbox 1077 504 1146 541; x_wconf 79' lang='lat'>144.</span> 
     </span>
    </p>

    <p class='ocr_par' dir='ltr' id='par_1_38' title="bbox 825 542 1444 583">
     <span class='ocr_line' id='line_1_76' title="bbox 825 542 1444 583; baseline 0.002 -9"><span class='ocrx_word' id='word_1_365' title='bbox 825 544 888 574; x_wconf 92' lang='lat' dir='ltr'>Cos</span> <span class='ocrx_word' id='word_1_366' title='bbox 902 543 1006 574; x_wconf 85' lang='lat' dir='ltr'>insula</span> <span class='ocrx_word' id='word_1_367' title='bbox 1019 543 1185 583; x_wconf 87' lang='lat' dir='ltr'>Tyrannos</span> <span class='ocrx_word' id='word_1_368' title='bbox 1198 553 1295 582; x_wconf 90' lang='lat' dir='ltr'>passa,</span> <span class='ocrx_word' id='word_1_369' title='bbox 1311 542 1361 573; x_wconf 88' lang='lat' dir='ltr'>vii.</span> <span class='ocrx_word' id='word_1_370' title='bbox 1376 546 1444 575; x_wconf 87' lang='lat'>164.</span> 
     </span>
    </p>

    <p class='ocr_par' dir='ltr' id='par_1_39' title="bbox 815 586 1242 626">
     <span class='ocr_line' id='line_1_77' title="bbox 815 586 1242 626; baseline 0 -9"><span class='ocrx_word' id='word_1_371' title='bbox 815 587 913 626; x_wconf 84' lang='lat' dir='ltr'>Cotys</span> <span class='ocrx_word' id='word_1_372' title='bbox 930 587 1016 616; x_wconf 88' lang='lat' dir='ltr'>Asiae</span> <span class='ocrx_word' id='word_1_373' title='bbox 1029 591 1124 625; x_wconf 84' lang='lat' dir='ltr'>pater,</span> <span class='ocrx_word' id='word_1_374' title='bbox 1138 586 1176 615; x_wconf 90' lang='lat' dir='ltr'>iv.</span> <span class='ocrx_word' id='word_1_375' title='bbox 1190 589 1242 617; x_wconf 87' lang='grc'>45.</span> 
     </span>
    </p>

    <p class='ocr_par' dir='ltr' id='par_1_40' title="bbox 814 628 1469 712">
     <span class='ocr_line' id='line_1_78' title="bbox 814 628 1469 669; baseline 0.005 -9"><span class='ocrx_word' id='word_1_376' title='bbox 814 631 972 669; x_wconf 86' lang='lat' dir='ltr'>Cranapes</span> <span class='ocrx_word' id='word_1_377' title='bbox 1001 628 1182 659; x_wconf 86' lang='lat' dir='ltr'>Mitrobatis</span> <span class='ocrx_word' id='word_1_378' title='bbox 1208 629 1301 665; x_wconf 77' lang='lat' dir='ltr'>filius,</span> <span class='ocrx_word' id='word_1_379' title='bbox 1316 638 1382 659; x_wconf 89' lang='lat' dir='ltr'>una</span> <span class='ocrx_word' id='word_1_380' title='bbox 1396 641 1469 662; x_wconf 88' lang='lat' dir='ltr'>cum</span> 
     </span>
     <span class='ocr_line' id='line_1_79' title="bbox 861 673 1420 712; baseline 0.004 -10"><span class='ocrx_word' id='word_1_381' title='bbox 861 678 950 712; x_wconf 89' lang='lat' dir='ltr'>patre</span> <span class='ocrx_word' id='word_1_382' title='bbox 966 674 1004 702; x_wconf 86' lang='lat' dir='ltr'>ab</span> <span class='ocrx_word' id='word_1_383' title='bbox 1021 673 1140 702; x_wconf 84' lang='lat' dir='ltr'>Oroete</span> <span class='ocrx_word' id='word_1_384' title='bbox 1155 682 1265 710; x_wconf 88' lang='lat' dir='ltr'>caesus,</span> <span class='ocrx_word' id='word_1_385' title='bbox 1281 673 1323 702; x_wconf 89' lang='lat' dir='ltr'>iii.</span> <span class='ocrx_word' id='word_1_386' title='bbox 1345 676 1420 705; x_wconf 87' lang='lat'>126.</span> 
     </span>
    </p>

    <p class='ocr_par' dir='ltr' id='par_1_41' title="bbox 816 715 1400 747">
     <span class='ocr_line' id='line_1_80' title="bbox 816 715 1400 747; baseline 0.002 -2"><span class='ocrx_word' id='word_1_387' title='bbox 816 715 935 746; x_wconf 81' lang='lat' dir='ltr'>Cranai</span> <span class='ocrx_word' id='word_1_388' title='bbox 950 715 1024 745; x_wconf 85' lang='lat' dir='ltr'>dicti</span> <span class='ocrx_word' id='word_1_389' title='bbox 1039 716 1255 747; x_wconf 85' lang='lat' dir='ltr'>Athenienses.</span> <span class='ocrx_word' id='word_1_390' title='bbox 1272 715 1334 745; x_wconf 86' lang='lat' dir='ltr'>viii.</span> <span class='ocrx_word' id='word_1_391' title='bbox 1349 720 1400 746; x_wconf 88' lang='lat'>44.</span> 
     </span>
    </p>

    <p class='ocr_par' dir='ltr' id='par_1_42' title="bbox 818 758 1405 794">
     <span class='ocr_line' id='line_1_81' title="bbox 818 758 1405 794; baseline 0.003 -6"><span class='ocrx_word' id='word_1_392' title='bbox 818 759 942 794; x_wconf 79' lang='lat' dir='ltr'>Crastis,</span> <span class='ocrx_word' id='word_1_393' title='bbox 960 765 991 789; x_wconf 89' lang='lat' dir='ltr'>et</span> <span class='ocrx_word' id='word_1_394' title='bbox 1005 758 1126 789; x_wconf 87' lang='lat' dir='ltr'>Crastia</span> <span class='ocrx_word' id='word_1_395' title='bbox 1142 758 1296 794; x_wconf 89' lang='lat' dir='ltr'>Minerva,</span> <span class='ocrx_word' id='word_1_396' title='bbox 1312 769 1340 788; x_wconf 88' lang='lat' dir='ltr'>v.</span> <span class='ocrx_word' id='word_1_397' title='bbox 1355 762 1405 790; x_wconf 86' lang='lat'>45.</span> 
     </span>
    </p>

    <p class='ocr_par' dir='ltr' id='par_1_43' title="bbox 817 801 1508 1009">
     <span class='ocr_line' id='line_1_82' title="bbox 817 801 1506 843; baseline 0 -11"><span class='ocrx_word' id='word_1_398' title='bbox 817 802 934 835; x_wconf 86' lang='lat' dir='ltr'>Crater,</span> <span class='ocrx_word' id='word_1_399' title='bbox 965 801 1020 843; x_wconf 91' lang='lat' dir='ltr'>qui</span> <span class='ocrx_word' id='word_1_400' title='bbox 1062 802 1168 832; x_wconf 88' lang='lat' dir='ltr'>Croeso</span> <span class='ocrx_word' id='word_1_401' title='bbox 1189 803 1378 840; x_wconf 85' lang='lat' dir='ltr'>portabatur,</span> <span class='ocrx_word' id='word_1_402' title='bbox 1409 802 1506 833; x_wconf 87' lang='lat' dir='ltr'>inter-</span> 
     </span>
     <span class='ocr_line' id='line_1_83' title="bbox 859 844 1507 884; baseline 0.002 -9"><span class='ocrx_word' id='word_1_403' title='bbox 859 850 970 884; x_wconf 88' lang='lat' dir='ltr'>ceptus</span> <span class='ocrx_word' id='word_1_404' title='bbox 985 851 1016 875; x_wconf 91' lang='lat' dir='ltr'>et</span> <span class='ocrx_word' id='word_1_405' title='bbox 1026 844 1173 874; x_wconf 88' lang='lat' dir='ltr'>caelatura</span> <span class='ocrx_word' id='word_1_406' title='bbox 1194 844 1268 884; x_wconf 90' lang='lat' dir='ltr'>ejus,</span> <span class='ocrx_word' id='word_1_407' title='bbox 1285 844 1304 874; x_wconf 87' lang='lat' dir='ltr'>i.</span> <span class='ocrx_word' id='word_1_408' title='bbox 1327 847 1377 875; x_wconf 90' lang='lat'>70.</span> <span class='ocrx_word' id='word_1_409' title='bbox 1391 845 1433 876; x_wconf 84' lang='lat' dir='ltr'>iii.</span> <span class='ocrx_word' id='word_1_410' title='bbox 1455 849 1507 876; x_wconf 89' lang='grc'>47.</span> 
     </span>
     <span class='ocr_line' id='line_1_84' title="bbox 862 887 1508 923; baseline 0.002 -6"><span class='ocrx_word' id='word_1_411' title='bbox 862 894 961 918; x_wconf 84' lang='lat' dir='ltr'>crater</span> <span class='ocrx_word' id='word_1_412' title='bbox 985 887 1018 917; x_wconf 91' lang='lat' dir='ltr'>in</span> <span class='ocrx_word' id='word_1_413' title='bbox 1053 888 1135 917; x_wconf 89' lang='lat' dir='ltr'>ostio</span> <span class='ocrx_word' id='word_1_414' title='bbox 1164 887 1269 923; x_wconf 90' lang='lat' dir='ltr'>Ponti,</span> <span class='ocrx_word' id='word_1_415' title='bbox 1303 897 1321 916; x_wconf 88' lang='lat' dir='ltr'>a</span> <span class='ocrx_word' id='word_1_416' title='bbox 1351 887 1508 918; x_wconf 81' lang='lat' dir='ltr'>Pausania</span> 
     </span>
     <span class='ocr_line' id='line_1_85' title="bbox 859 930 1508 971; baseline 0.002 -11"><span class='ocrx_word' id='word_1_417' title='bbox 859 930 1027 966; x_wconf 88' lang='lat' dir='ltr'>dedicatus,</span> <span class='ocrx_word' id='word_1_418' title='bbox 1057 930 1097 960; x_wconf 91' lang='lat' dir='ltr'>iv.</span> <span class='ocrx_word' id='word_1_419' title='bbox 1128 934 1179 960; x_wconf 85' lang='lat'>81.</span> <span class='ocrx_word' id='word_1_420' title='bbox 1206 936 1305 960; x_wconf 86' lang='lat' dir='ltr'>crater</span> <span class='ocrx_word' id='word_1_421' title='bbox 1330 930 1508 971; x_wconf 84' lang='lat' dir='ltr'>Argolicus,</span> 
     </span>
     <span class='ocr_line' id='line_1_86' title="bbox 859 973 1386 1009; baseline 0.002 -7"><span class='ocrx_word' id='word_1_422' title='bbox 859 973 900 1003; x_wconf 90' lang='lat' dir='ltr'>iv.</span> <span class='ocrx_word' id='word_1_423' title='bbox 915 978 923 1003; x_wconf 97' lang='lat' dir='ltr'>l</span> <span class='ocrx_word' id='word_1_424' title='bbox 937 977 985 1005; x_wconf 86' lang='lat'>52.</span> <span class='ocrx_word' id='word_1_425' title='bbox 1002 979 1134 1004; x_wconf 83' lang='lat' dir='ltr'>crateres</span> <span class='ocrx_word' id='word_1_426' title='bbox 1150 973 1265 1009; x_wconf 86' lang='lat' dir='ltr'>Lesbii,</span> <span class='ocrx_word' id='word_1_427' title='bbox 1280 973 1319 1003; x_wconf 90' lang='lat' dir='ltr'>iv.</span> <span class='ocrx_word' id='word_1_428' title='bbox 1336 977 1386 1004; x_wconf 89' lang='lat'>61.</span> 
     </span>
    </p>

    <p class='ocr_par' dir='ltr' id='par_1_44' title="bbox 819 1016 1507 1100">
     <span class='ocr_line' id='line_1_87' title="bbox 819 1016 1506 1056; baseline 0 -10"><span class='ocrx_word' id='word_1_429' title='bbox 819 1017 942 1047; x_wconf 88' lang='lat' dir='ltr'>Crathis</span> <span class='ocrx_word' id='word_1_430' title='bbox 981 1017 1136 1056; x_wconf 78' lang='lat' dir='ltr'>AEgarum</span> <span class='ocrx_word' id='word_1_431' title='bbox 1165 1016 1279 1046; x_wconf 86' lang='lat' dir='ltr'>fluvius</span> <span class='ocrx_word' id='word_1_432' title='bbox 1307 1016 1459 1055; x_wconf 89' lang='lat' dir='ltr'>perennis,</span> <span class='ocrx_word' id='word_1_433' title='bbox 1487 1027 1506 1046; x_wconf 86' lang='lat' dir='ltr'>a</span> 
     </span>
     <span class='ocr_line' id='line_1_88' title="bbox 857 1058 1507 1100; baseline 0.002 -11"><span class='ocrx_word' id='word_1_434' title='bbox 857 1070 921 1100; x_wconf 92' lang='lat' dir='ltr'>quo</span> <span class='ocrx_word' id='word_1_435' title='bbox 937 1066 967 1089; x_wconf 91' lang='lat' dir='ltr'>et</span> <span class='ocrx_word' id='word_1_436' title='bbox 980 1059 1110 1089; x_wconf 84' lang='lat' dir='ltr'>Italicus</span> <span class='ocrx_word' id='word_1_437' title='bbox 1120 1058 1173 1089; x_wconf 88' lang='lat' dir='ltr'>ille</span> <span class='ocrx_word' id='word_1_438' title='bbox 1188 1064 1317 1089; x_wconf 85' lang='lat' dir='ltr'>vocatus</span> <span class='ocrx_word' id='word_1_439' title='bbox 1331 1065 1385 1095; x_wconf 87' lang='lat' dir='ltr'>est,</span> <span class='ocrx_word' id='word_1_440' title='bbox 1402 1060 1422 1089; x_wconf 89' lang='lat' dir='ltr'>i.</span> <span class='ocrx_word' id='word_1_441' title='bbox 1435 1063 1507 1091; x_wconf 84' lang='lat'>145.</span> 
     </span>
    </p>

    <p class='ocr_par' dir='ltr' id='par_1_45' title="bbox 817 1102 1386 1141">
     <span class='ocr_line' id='line_1_89' title="bbox 817 1102 1386 1141; baseline -0.002 -8"><span class='ocrx_word' id='word_1_442' title='bbox 817 1102 960 1133; x_wconf 86' lang='lat' dir='ltr'>Cratines</span> <span class='ocrx_word' id='word_1_443' title='bbox 978 1102 1123 1132; x_wconf 81' lang='lat' dir='ltr'>Anaxilai</span> <span class='ocrx_word' id='word_1_444' title='bbox 1140 1108 1235 1141; x_wconf 87' lang='lat' dir='ltr'>pater,</span> <span class='ocrx_word' id='word_1_445' title='bbox 1249 1102 1298 1132; x_wconf 86' lang='lat' dir='ltr'>vii.</span> <span class='ocrx_word' id='word_1_446' title='bbox 1315 1106 1386 1132; x_wconf 84' lang='lat'>165.</span> 
     </span>
    </p>

    <p class='ocr_par' dir='ltr' id='par_1_46' title="bbox 816 1145 1420 1184">
     <span class='ocr_line' id='line_1_90' title="bbox 816 1145 1420 1184; baseline 0 -9"><span class='ocrx_word' id='word_1_447' title='bbox 816 1145 964 1176; x_wconf 88' lang='lat' dir='ltr'>Cratinus</span> <span class='ocrx_word' id='word_1_448' title='bbox 982 1145 1158 1175; x_wconf 87' lang='lat' dir='ltr'>Aminoclis</span> <span class='ocrx_word' id='word_1_449' title='bbox 1172 1150 1267 1184; x_wconf 85' lang='lat' dir='ltr'>pater,</span> <span class='ocrx_word' id='word_1_450' title='bbox 1284 1145 1333 1175; x_wconf 90' lang='lat' dir='ltr'>vii.</span> <span class='ocrx_word' id='word_1_451' title='bbox 1351 1149 1420 1177; x_wconf 88' lang='grc'><strong>190.</strong></span> 
     </span>
    </p>

    <p class='ocr_par' dir='ltr' id='par_1_47' title="bbox 817 1187 1502 1262">
     <span class='ocr_line' id='line_1_91' title="bbox 817 1187 1502 1228; baseline 0 -10"><span class='ocrx_word' id='word_1_452' title='bbox 817 1188 955 1221; x_wconf 88' lang='lat' dir='ltr'>Cremni.</span> <span class='ocrx_word' id='word_1_453' title='bbox 979 1188 1156 1228; x_wconf 89' lang='lat' dir='ltr'>emporium</span> <span class='ocrx_word' id='word_1_454' title='bbox 1183 1187 1308 1228; x_wconf 85' lang='lat' dir='ltr'>paludis</span> <span class='ocrx_word' id='word_1_455' title='bbox 1333 1187 1502 1225; x_wconf 78' lang='lat' dir='ltr'>Maeotidis,</span> 
     </span>
     <span class='ocr_line' id='line_1_92' title="bbox 856 1231 963 1262; baseline 0 -2"><span class='ocrx_word' id='word_1_456' title='bbox 856 1231 897 1261; x_wconf 87' lang='lat' dir='ltr'>iv.</span> <span class='ocrx_word' id='word_1_457' title='bbox 913 1235 963 1262; x_wconf 86' lang='grc'>20.</span> 
     </span>
    </p>

    <p class='ocr_par' dir='ltr' id='par_1_48' title="bbox 817 1274 1144 1305">
     <span class='ocr_line' id='line_1_93' title="bbox 817 1274 1144 1305; baseline 0 -1"><span class='ocrx_word' id='word_1_458' title='bbox 817 1275 949 1304; x_wconf 87' lang='lat' dir='ltr'>Creston</span> <span class='ocrx_word' id='word_1_459' title='bbox 964 1275 1045 1304; x_wconf 86' lang='lat' dir='ltr'>urbs.</span> <span class='ocrx_word' id='word_1_460' title='bbox 1062 1274 1082 1303; x_wconf 95' lang='lat' dir='ltr'>i.</span> <span class='ocrx_word' id='word_1_461' title='bbox 1093 1277 1144 1305; x_wconf 85' lang='grc'>57.</span> 
     </span>
    </p>

    <p class='ocr_par' dir='ltr' id='par_1_49' title="bbox 818 1317 1240 1351">
     <span class='ocr_line' id='line_1_94' title="bbox 818 1317 1240 1351; baseline 0 -4"><span class='ocrx_word' id='word_1_462' title='bbox 818 1318 999 1351; x_wconf 81' lang='lat' dir='ltr'>Crestonae&#39;i,</span> <span class='ocrx_word' id='word_1_463' title='bbox 1015 1327 1042 1346; x_wconf 88' lang='lat' dir='ltr'>v.</span> <span class='ocrx_word' id='word_1_464' title='bbox 1057 1321 1087 1347; x_wconf 85' lang='grc'>5.</span> <span class='ocrx_word' id='word_1_465' title='bbox 1102 1317 1153 1347; x_wconf 84' lang='lat' dir='ltr'>vii.</span> <span class='ocrx_word' id='word_1_466' title='bbox 1170 1319 1240 1348; x_wconf 87' lang='grc'><strong>127.</strong></span> 
     </span>
    </p>

    <p class='ocr_par' dir='ltr' id='par_1_50' title="bbox 819 1359 1133 1395">
     <span class='ocr_line' id='line_1_95' title="bbox 819 1359 1133 1395; baseline 0.003 -5"><span class='ocrx_word' id='word_1_467' title='bbox 819 1359 1030 1395; x_wconf 83' lang='lat' dir='ltr'>Crestoniatae‚</span> <span class='ocrx_word' id='word_1_468' title='bbox 1049 1360 1067 1389; x_wconf 86' lang='grc' dir='ltr'>ἰ.</span> <span class='ocrx_word' id='word_1_469' title='bbox 1084 1362 1133 1391; x_wconf 88' lang='grc'>57.</span> 
     </span>
    </p>

    <p class='ocr_par' dir='ltr' id='par_1_51' title="bbox 813 1403 1263 1443">
     <span class='ocr_line' id='line_1_96' title="bbox 813 1403 1263 1443; baseline -0.002 -10"><span class='ocrx_word' id='word_1_470' title='bbox 813 1403 1012 1434; x_wconf 86' lang='lat' dir='ltr'>Crestonicus</span> <span class='ocrx_word' id='word_1_471' title='bbox 1027 1413 1108 1443; x_wconf 89' lang='lat' dir='ltr'>ager,</span> <span class='ocrx_word' id='word_1_472' title='bbox 1126 1403 1176 1433; x_wconf 77' lang='lat' dir='ltr'>vii.</span> <span class='ocrx_word' id='word_1_473' title='bbox 1191 1406 1263 1433; x_wconf 88' lang='lat'>124.</span> 
     </span>
    </p>

    <p class='ocr_par' dir='ltr' id='par_1_52' title="bbox 814 1445 1351 1480">
     <span class='ocr_line' id='line_1_97' title="bbox 814 1445 1351 1480; baseline -0.002 -3"><span class='ocrx_word' id='word_1_474' title='bbox 814 1446 1004 1477; x_wconf 87' lang='lat' dir='ltr'>Crestonicae</span> <span class='ocrx_word' id='word_1_475' title='bbox 1018 1451 1109 1476; x_wconf 85' lang='lat' dir='ltr'>terrae</span> <span class='ocrx_word' id='word_1_476' title='bbox 1122 1456 1185 1480; x_wconf 84' lang='lat' dir='ltr'>rex,</span> <span class='ocrx_word' id='word_1_477' title='bbox 1202 1445 1262 1476; x_wconf 85' lang='lat' dir='ltr'>viii.</span> <span class='ocrx_word' id='word_1_478' title='bbox 1279 1449 1351 1477; x_wconf 82' lang='lat'>116.</span> 
     </span>
    </p>

    <p class='ocr_par' dir='ltr' id='par_1_53' title="bbox 817 1488 1502 1564">
     <span class='ocr_line' id='line_1_98' title="bbox 817 1488 1502 1527; baseline 0.003 -8"><span class='ocrx_word' id='word_1_479' title='bbox 817 1490 910 1519; x_wconf 89' lang='lat' dir='ltr'>Creta</span> <span class='ocrx_word' id='word_1_480' title='bbox 924 1488 1069 1519; x_wconf 86' lang='lat' dir='ltr'>universa</span> <span class='ocrx_word' id='word_1_481' title='bbox 1096 1499 1115 1518; x_wconf 89' lang='lat' dir='ltr'>a</span> <span class='ocrx_word' id='word_1_482' title='bbox 1146 1490 1282 1519; x_wconf 86' lang='lat' dir='ltr'>barbaris</span> <span class='ocrx_word' id='word_1_483' title='bbox 1306 1489 1451 1527; x_wconf 83' lang='lat' dir='ltr'>habitata,</span> <span class='ocrx_word' id='word_1_484' title='bbox 1482 1491 1502 1522; x_wconf 82' lang='lat' dir='ltr'>i.</span> 
     </span>
     <span class='ocr_line' id='line_1_99' title="bbox 860 1536 929 1564; baseline -0.014 -2"><span class='ocrx_word' id='word_1_485' title='bbox 860 1536 929 1564; x_wconf 81' lang='grc'><strong>175.</strong></span> 
     </span>
    </p>

    <p class='ocr_par' dir='ltr' id='par_1_54' title="bbox 817 1575 1507 1736">
     <span class='ocr_line' id='line_1_100' title="bbox 817 1575 1503 1607; baseline 0.001 -1"><span class='ocrx_word' id='word_1_486' title='bbox 817 1576 981 1606; x_wconf 88' lang='lat' dir='ltr'>Cretenses</span> <span class='ocrx_word' id='word_1_487' title='bbox 1009 1585 1066 1605; x_wconf 90' lang='lat' dir='ltr'>cur</span> <span class='ocrx_word' id='word_1_488' title='bbox 1090 1575 1244 1606; x_wconf 85' lang='lat' dir='ltr'>auxilium</span> <span class='ocrx_word' id='word_1_489' title='bbox 1283 1586 1348 1606; x_wconf 88' lang='lat' dir='ltr'>non</span> <span class='ocrx_word' id='word_1_490' title='bbox 1374 1575 1503 1607; x_wconf 85' lang='lat' dir='ltr'>tulerint</span> 
     </span>
     <span class='ocr_line' id='line_1_101' title="bbox 863 1618 1507 1654; baseline 0.003 -6"><span class='ocrx_word' id='word_1_491' title='bbox 863 1618 982 1648; x_wconf 86' lang='lat' dir='ltr'>Graecis</span> <span class='ocrx_word' id='word_1_492' title='bbox 996 1624 1105 1649; x_wconf 88' lang='lat' dir='ltr'>contra</span> <span class='ocrx_word' id='word_1_493' title='bbox 1122 1618 1259 1654; x_wconf 86' lang='lat' dir='ltr'>Persam,</span> <span class='ocrx_word' id='word_1_494' title='bbox 1276 1619 1325 1648; x_wconf 90' lang='lat' dir='ltr'>vii.</span> <span class='ocrx_word' id='word_1_495' title='bbox 1345 1622 1413 1650; x_wconf 89' lang='grc'><strong>167.</strong></span> <span class='ocrx_word' id='word_1_496' title='bbox 1438 1623 1507 1651; x_wconf 88' lang='lat'>170.</span> 
     </span>
     <span class='ocr_line' id='line_1_102' title="bbox 859 1661 1504 1704; baseline 0.003 -13"><span class='ocrx_word' id='word_1_497' title='bbox 859 1664 927 1691; x_wconf 88' lang='lat'>171.</span> <span class='ocrx_word' id='word_1_498' title='bbox 941 1663 994 1692; x_wconf 78' lang='lat' dir='ltr'>ubi</span> <span class='ocrx_word' id='word_1_499' title='bbox 1008 1663 1071 1692; x_wconf 77' lang='lat' dir='ltr'>alia</span> <span class='ocrx_word' id='word_1_500' title='bbox 1087 1661 1126 1691; x_wconf 90' lang='lat' dir='ltr'>de</span> <span class='ocrx_word' id='word_1_501' title='bbox 1146 1672 1256 1692; x_wconf 87' lang='lat' dir='ltr'>eorum</span> <span class='ocrx_word' id='word_1_502' title='bbox 1270 1662 1458 1704; x_wconf 87' lang='lat' dir='ltr'>migratione</span> <span class='ocrx_word' id='word_1_503' title='bbox 1473 1668 1504 1693; x_wconf 85' lang='lat' dir='ltr'>et</span> 
     </span>
     <span class='ocr_line' id='line_1_103' title="bbox 854 1704 991 1736; baseline 0.007 -3"><span class='ocrx_word' id='word_1_504' title='bbox 854 1704 991 1736; x_wconf 82' lang='lat' dir='ltr'>fortuna.</span> 
     </span>
    </p>

    <p class='ocr_par' dir='ltr' id='par_1_55' title="bbox 813 1746 1096 1783">
     <span class='ocr_line' id='line_1_104' title="bbox 813 1746 1096 1783; baseline -0.004 -5"><span class='ocrx_word' id='word_1_505' title='bbox 813 1747 894 1778; x_wconf 85' lang='lat' dir='ltr'>Crex</span> <span class='ocrx_word' id='word_1_506' title='bbox 909 1747 980 1783; x_wconf 90' lang='lat' dir='ltr'>avis,</span> <span class='ocrx_word' id='word_1_507' title='bbox 998 1746 1029 1776; x_wconf 88' lang='lat' dir='ltr'>ii.</span> <span class='ocrx_word' id='word_1_508' title='bbox 1047 1750 1096 1777; x_wconf 90' lang='lat'>76.</span> 
     </span>
    </p>

    <p class='ocr_par' dir='ltr' id='par_1_56' title="bbox 814 1789 1374 1829">
     <span class='ocr_line' id='line_1_105' title="bbox 814 1789 1374 1829; baseline 0.004 -9"><span class='ocrx_word' id='word_1_509' title='bbox 814 1790 983 1829; x_wconf 87' lang='lat' dir='ltr'>Crinippus</span> <span class='ocrx_word' id='word_1_510' title='bbox 999 1789 1109 1819; x_wconf 82' lang='lat' dir='ltr'>Termi</span> <span class='ocrx_word' id='word_1_511' title='bbox 1123 1794 1219 1828; x_wconf 88' lang='lat' dir='ltr'>pater,</span> <span class='ocrx_word' id='word_1_512' title='bbox 1235 1789 1284 1820; x_wconf 85' lang='lat' dir='ltr'>vii.</span> <span class='ocrx_word' id='word_1_513' title='bbox 1303 1794 1374 1822; x_wconf 87' lang='lat'>165.</span> 
     </span>
    </p>

    <p class='ocr_par' dir='ltr' id='par_1_57' title="bbox 813 1832 1245 1871">
     <span class='ocr_line' id='line_1_106' title="bbox 813 1832 1245 1871; baseline 0.002 -9"><span class='ocrx_word' id='word_1_514' title='bbox 813 1833 948 1863; x_wconf 86' lang='lat' dir='ltr'>Crisaeus</span> <span class='ocrx_word' id='word_1_515' title='bbox 963 1842 1100 1871; x_wconf 85' lang='lat' dir='ltr'>campus,</span> <span class='ocrx_word' id='word_1_516' title='bbox 1117 1832 1180 1862; x_wconf 88' lang='lat' dir='ltr'>viii.</span> <span class='ocrx_word' id='word_1_517' title='bbox 1194 1836 1245 1863; x_wconf 85' lang='lat'>52.</span> 
     </span>
    </p>

    <p class='ocr_par' dir='ltr' id='par_1_58' title="bbox 813 1875 1501 1953">
     <span class='ocr_line' id='line_1_107' title="bbox 813 1875 1501 1916; baseline 0.004 -11"><span class='ocrx_word' id='word_1_518' title='bbox 813 1876 930 1906; x_wconf 86' lang='lat' dir='ltr'>Cristas</span> <span class='ocrx_word' id='word_1_519' title='bbox 943 1875 1040 1915; x_wconf 88' lang='lat' dir='ltr'>galeis</span> <span class='ocrx_word' id='word_1_520' title='bbox 1063 1875 1223 1914; x_wconf 89' lang='lat' dir='ltr'>imponere</span> <span class='ocrx_word' id='word_1_521' title='bbox 1242 1876 1335 1916; x_wconf 87' lang='lat' dir='ltr'>primi</span> <span class='ocrx_word' id='word_1_522' title='bbox 1357 1877 1501 1908; x_wconf 87' lang='lat' dir='ltr'>ostende-</span> 
     </span>
     <span class='ocr_line' id='line_1_108' title="bbox 853 1918 1175 1953; baseline 0.003 -5"><span class='ocrx_word' id='word_1_523' title='bbox 853 1924 929 1948; x_wconf 87' lang='lat' dir='ltr'>runt</span> <span class='ocrx_word' id='word_1_524' title='bbox 946 1919 1049 1953; x_wconf 90' lang='lat' dir='ltr'>Cares,</span> <span class='ocrx_word' id='word_1_525' title='bbox 1067 1918 1084 1947; x_wconf 85' lang='lat' dir='ltr'>i.</span> <span class='ocrx_word' id='word_1_526' title='bbox 1106 1921 1175 1949; x_wconf 87' lang='lat'>171.</span> 
     </span>
    </p>

    <p class='ocr_par' dir='ltr' id='par_1_59' title="bbox 815 1960 1336 2000">
     <span class='ocr_line' id='line_1_109' title="bbox 815 1960 1336 2000; baseline 0.002 -9"><span class='ocrx_word' id='word_1_527' title='bbox 815 1961 932 1992; x_wconf 81' lang='lat' dir='ltr'>Critala</span> <span class='ocrx_word' id='word_1_528' title='bbox 946 1961 979 1990; x_wconf 92' lang='lat' dir='ltr'>in</span> <span class='ocrx_word' id='word_1_529' title='bbox 997 1960 1203 2000; x_wconf 87' lang='lat' dir='ltr'>Cappadocia,</span> <span class='ocrx_word' id='word_1_530' title='bbox 1218 1960 1269 1991; x_wconf 85' lang='lat' dir='ltr'>vii.</span> <span class='ocrx_word' id='word_1_531' title='bbox 1286 1966 1336 1992; x_wconf 89' lang='grc'>26.</span> 
     </span>
    </p>

    <p class='ocr_par' dir='ltr' id='par_1_60' title="bbox 815 2003 1502 2174">
     <span class='ocr_line' id='line_1_110' title="bbox 815 2003 1499 2043; baseline 0.003 -8"><span class='ocrx_word' id='word_1_532' title='bbox 815 2004 948 2035; x_wconf 90' lang='lat' dir='ltr'>Critheis</span> <span class='ocrx_word' id='word_1_533' title='bbox 972 2003 1136 2043; x_wconf 79' lang='lat' dir='ltr'>Melanopi</span> <span class='ocrx_word' id='word_1_534' title='bbox 1165 2004 1236 2039; x_wconf 89' lang='lat' dir='ltr'>filia,</span> <span class='ocrx_word' id='word_1_535' title='bbox 1270 2004 1301 2034; x_wconf 91' lang='lat' dir='ltr'>ii.</span> <span class='ocrx_word' id='word_1_536' title='bbox 1333 2007 1359 2035; x_wconf 95' lang='lat' dir='ltr'>l.</span> <span class='ocrx_word' id='word_1_537' title='bbox 1382 2005 1499 2037; x_wconf 82' lang='lat' dir='ltr'>furtivo</span> 
     </span>
     <span class='ocr_line' id='line_1_111' title="bbox 852 2047 1498 2088; baseline 0.005 -11"><span class='ocrx_word' id='word_1_538' title='bbox 852 2047 1023 2078; x_wconf 88' lang='lat' dir='ltr'>concubitu</span> <span class='ocrx_word' id='word_1_539' title='bbox 1037 2057 1210 2087; x_wconf 85' lang='lat' dir='ltr'>praegnans,</span> <span class='ocrx_word' id='word_1_540' title='bbox 1227 2047 1258 2076; x_wconf 88' lang='lat' dir='ltr'>ii.</span> <span class='ocrx_word' id='word_1_541' title='bbox 1277 2051 1306 2078; x_wconf 90' lang='lat'>2.</span> <span class='ocrx_word' id='word_1_542' title='bbox 1321 2049 1403 2088; x_wconf 88' lang='lat' dir='ltr'>parit</span> <span class='ocrx_word' id='word_1_543' title='bbox 1426 2049 1498 2080; x_wconf 90' lang='lat' dir='ltr'>Ho-</span> 
     </span>
     <span class='ocr_line' id='line_1_112' title="bbox 853 2089 1502 2128; baseline 0.008 -9"><span class='ocrx_word' id='word_1_544' title='bbox 853 2100 984 2125; x_wconf 87' lang='lat' dir='ltr'>merum,</span> <span class='ocrx_word' id='word_1_545' title='bbox 1002 2089 1032 2119; x_wconf 83' lang='lat' dir='ltr'>ii.</span> <span class='ocrx_word' id='word_1_546' title='bbox 1060 2093 1091 2120; x_wconf 90' lang='lat'>5.</span> <span class='ocrx_word' id='word_1_547' title='bbox 1117 2090 1209 2120; x_wconf 85' lang='lat' dir='ltr'>nubit</span> <span class='ocrx_word' id='word_1_548' title='bbox 1239 2090 1379 2128; x_wconf 87' lang='lat' dir='ltr'>Phemio,</span> <span class='ocrx_word' id='word_1_549' title='bbox 1411 2092 1441 2123; x_wconf 86' lang='lat' dir='ltr'>ii.</span> <span class='ocrx_word' id='word_1_550' title='bbox 1471 2097 1502 2124; x_wconf 88' lang='lat'>4.</span> 
     </span>
     <span class='ocr_line' id='line_1_113' title="bbox 854 2132 1128 2174; baseline -0.004 -11"><span class='ocrx_word' id='word_1_551' title='bbox 854 2134 922 2174; x_wconf 84' lang='lat' dir='ltr'>ejus</span> <span class='ocrx_word' id='word_1_552' title='bbox 935 2143 1026 2165; x_wconf 80' lang='lat' dir='ltr'>mors.</span> <span class='ocrx_word' id='word_1_553' title='bbox 1048 2132 1079 2162; x_wconf 88' lang='lat' dir='ltr'>ii.</span> <span class='ocrx_word' id='word_1_554' title='bbox 1099 2136 1128 2163; x_wconf 91' lang='lat'>5.</span> 
     </span>
    </p>

    <p class='ocr_par' dir='ltr' id='par_1_61' title="bbox 815 2175 1326 2216">
     <span class='ocr_line' id='line_1_114' title="bbox 815 2175 1326 2216; baseline 0 -9"><span class='ocrx_word' id='word_1_555' title='bbox 815 2176 947 2207; x_wconf 89' lang='lat' dir='ltr'>Crithon</span> <span class='ocrx_word' id='word_1_556' title='bbox 965 2175 1126 2216; x_wconf 84' lang='lat' dir='ltr'>Ithagenis</span> <span class='ocrx_word' id='word_1_557' title='bbox 1140 2182 1236 2215; x_wconf 87' lang='lat' dir='ltr'>pater,</span> <span class='ocrx_word' id='word_1_558' title='bbox 1252 2176 1282 2205; x_wconf 87' lang='lat' dir='ltr'>ii.</span> <span class='ocrx_word' id='word_1_559' title='bbox 1300 2180 1326 2207; x_wconf 95' lang='lat'>1.</span> 
     </span>
    </p>

    <p class='ocr_par' dir='ltr' id='par_1_62' title="bbox 819 2218 1457 2256">
     <span class='ocr_line' id='line_1_115' title="bbox 819 2218 1457 2256; baseline 0.006 -7"><span class='ocrx_word' id='word_1_560' title='bbox 819 2218 975 2250; x_wconf 90' lang='lat' dir='ltr'>Critobuli</span> <span class='ocrx_word' id='word_1_561' title='bbox 989 2218 1061 2254; x_wconf 84' lang='lat' dir='ltr'>filia,</span> <span class='ocrx_word' id='word_1_562' title='bbox 1082 2219 1209 2249; x_wconf 89' lang='lat' dir='ltr'>Amasis</span> <span class='ocrx_word' id='word_1_563' title='bbox 1223 2229 1313 2256; x_wconf 85' lang='lat' dir='ltr'>uxor,</span> <span class='ocrx_word' id='word_1_564' title='bbox 1336 2220 1367 2250; x_wconf 88' lang='lat' dir='ltr'>ii.</span> <span class='ocrx_word' id='word_1_565' title='bbox 1387 2224 1457 2253; x_wconf 90' lang='lat'>181.</span> 
     </span>
    </p>

    <p class='ocr_par' dir='ltr' id='par_1_63' title="bbox 814 2261 1357 2297">
     <span class='ocr_line' id='line_1_116' title="bbox 814 2261 1357 2297; baseline 0.004 -5"><span class='ocrx_word' id='word_1_566' title='bbox 814 2261 997 2293; x_wconf 82' lang='lat' dir='ltr'>Critobulus</span> <span class='ocrx_word' id='word_1_567' title='bbox 1011 2261 1194 2297; x_wconf 86' lang='lat' dir='ltr'>Toronaeus,</span> <span class='ocrx_word' id='word_1_568' title='bbox 1210 2262 1270 2292; x_wconf 84' lang='lat' dir='ltr'>viii.</span> <span class='ocrx_word' id='word_1_569' title='bbox 1292 2266 1357 2294; x_wconf 89' lang='grc'><strong>127.</strong></span> 
     </span>
    </p>

    <p class='ocr_par' dir='ltr' id='par_1_64' title="bbox 814 2304 1502 2431">
     <span class='ocr_line' id='line_1_117' title="bbox 814 2304 1499 2344; baseline 0.004 -9"><span class='ocrx_word' id='word_1_570' title='bbox 814 2305 906 2335; x_wconf 91' lang='lat' dir='ltr'>Crius</span> <span class='ocrx_word' id='word_1_571' title='bbox 923 2304 1074 2344; x_wconf 88' lang='lat' dir='ltr'>Polycriti</span> <span class='ocrx_word' id='word_1_572' title='bbox 1090 2304 1179 2340; x_wconf 87' lang='lat' dir='ltr'>filius,</span> <span class='ocrx_word' id='word_1_573' title='bbox 1197 2305 1236 2334; x_wconf 89' lang='lat' dir='ltr'>vi.</span> <span class='ocrx_word' id='word_1_574' title='bbox 1251 2308 1301 2336; x_wconf 88' lang='grc'>50.</span> <span class='ocrx_word' id='word_1_575' title='bbox 1323 2306 1403 2336; x_wconf 85' lang='lat' dir='ltr'>circa</span> <span class='ocrx_word' id='word_1_576' title='bbox 1425 2317 1499 2338; x_wconf 89' lang='lat' dir='ltr'>eum</span> 
     </span>
     <span class='ocr_line' id='line_1_118' title="bbox 854 2347 1502 2383; baseline 0.005 -5"><span class='ocrx_word' id='word_1_577' title='bbox 854 2354 886 2378; x_wconf 89' lang='lat' dir='ltr'>et</span> <span class='ocrx_word' id='word_1_578' title='bbox 910 2347 1113 2378; x_wconf 88' lang='lat' dir='ltr'>Cleomenem</span> <span class='ocrx_word' id='word_1_579' title='bbox 1133 2354 1210 2383; x_wconf 90' lang='lat' dir='ltr'>acta,</span> <span class='ocrx_word' id='word_1_580' title='bbox 1234 2347 1308 2378; x_wconf 84' lang='lat' dir='ltr'>ibid.</span> <span class='ocrx_word' id='word_1_581' title='bbox 1328 2349 1502 2381; x_wconf 85' lang='lat' dir='ltr'>Athenien-</span> 
     </span>
     <span class='ocr_line' id='line_1_119' title="bbox 853 2390 1442 2431; baseline 0.005 -11"><span class='ocrx_word' id='word_1_582' title='bbox 853 2391 940 2421; x_wconf 89' lang='lat' dir='ltr'>sibus</span> <span class='ocrx_word' id='word_1_583' title='bbox 954 2390 1087 2420; x_wconf 83' lang='lat' dir='ltr'>traditus</span> <span class='ocrx_word' id='word_1_584' title='bbox 1101 2392 1140 2420; x_wconf 89' lang='lat' dir='ltr'>ab</span> <span class='ocrx_word' id='word_1_585' title='bbox 1156 2390 1319 2431; x_wconf 86' lang='lat' dir='ltr'>AEginetis,</span> <span class='ocrx_word' id='word_1_586' title='bbox 1336 2392 1374 2421; x_wconf 86' lang='lat' dir='ltr'>vi.</span> <span class='ocrx_word' id='word_1_587' title='bbox 1392 2396 1442 2424; x_wconf 88' lang='lat'>75.</span> 
     </span>
    </p>

    <p class='ocr_par' dir='ltr' id='par_1_65' title="bbox 815 2432 1504 2474">
     <span class='ocr_line' id='line_1_120' title="bbox 815 2432 1504 2474; baseline 0.007 -10"><span class='ocrx_word' id='word_1_588' title='bbox 815 2434 908 2464; x_wconf 89' lang='lat' dir='ltr'>Crius</span> <span class='ocrx_word' id='word_1_589' title='bbox 926 2434 1084 2474; x_wconf 84' lang='lat' dir='ltr'>AEgineta‚</span> <span class='ocrx_word' id='word_1_590' title='bbox 1104 2432 1254 2473; x_wconf 82' lang='lat' dir='ltr'>Polycriti</span> <span class='ocrx_word' id='word_1_591' title='bbox 1269 2440 1364 2474; x_wconf 88' lang='lat' dir='ltr'>pater,</span> <span class='ocrx_word' id='word_1_592' title='bbox 1381 2435 1442 2466; x_wconf 90' lang='lat' dir='ltr'>viii.</span> <span class='ocrx_word' id='word_1_593' title='bbox 1452 2440 1504 2469; x_wconf 80' lang='lat'>92.</span> 
     </span>
    </p>

    <p class='ocr_par' dir='ltr' id='par_1_66' title="bbox 813 2476 1227 2516">
     <span class='ocr_line' id='line_1_121' title="bbox 813 2476 1227 2516; baseline 0.002 -9"><span class='ocrx_word' id='word_1_594' title='bbox 813 2476 944 2516; x_wconf 87' lang='lat' dir='ltr'>Crobyzi</span> <span class='ocrx_word' id='word_1_595' title='bbox 962 2477 1105 2512; x_wconf 76' lang='lat' dir='ltr'>Thraces,</span> <span class='ocrx_word' id='word_1_596' title='bbox 1123 2476 1162 2505; x_wconf 91' lang='lat' dir='ltr'>iv.</span> <span class='ocrx_word' id='word_1_597' title='bbox 1177 2480 1227 2508; x_wconf 86' lang='lat'>49.</span> 
     </span>
    </p>

    <p class='ocr_par' dir='ltr' id='par_1_67' title="bbox 812 2519 1506 2645">
     <span class='ocr_line' id='line_1_122' title="bbox 812 2519 1498 2558; baseline 0.006 -9"><span class='ocrx_word' id='word_1_598' title='bbox 812 2519 969 2550; x_wconf 89' lang='lat' dir='ltr'>Crocodili</span> <span class='ocrx_word' id='word_1_599' title='bbox 983 2519 1156 2558; x_wconf 83' lang='lat' dir='ltr'>descriptio,</span> <span class='ocrx_word' id='word_1_600' title='bbox 1174 2519 1204 2550; x_wconf 87' lang='lat' dir='ltr'>ii.</span> <span class='ocrx_word' id='word_1_601' title='bbox 1220 2523 1271 2551; x_wconf 85' lang='lat'>68.</span> <span class='ocrx_word' id='word_1_602' title='bbox 1287 2524 1339 2552; x_wconf 89' lang='grc'>69.</span> <span class='ocrx_word' id='word_1_603' title='bbox 1356 2524 1406 2552; x_wconf 94' lang='grc'>70.</span> <span class='ocrx_word' id='word_1_604' title='bbox 1430 2532 1498 2553; x_wconf 89' lang='lat' dir='ltr'>cro-</span> 
     </span>
     <span class='ocr_line' id='line_1_123' title="bbox 851 2562 1500 2598; baseline 0.006 -6"><span class='ocrx_word' id='word_1_605' title='bbox 851 2562 945 2592; x_wconf 87' lang='lat' dir='ltr'>codili</span> <span class='ocrx_word' id='word_1_606' title='bbox 967 2562 1052 2598; x_wconf 89' lang='lat' dir='ltr'>sacri,</span> <span class='ocrx_word' id='word_1_607' title='bbox 1079 2562 1112 2591; x_wconf 85' lang='lat' dir='ltr'>ii.</span> <span class='ocrx_word' id='word_1_608' title='bbox 1133 2566 1184 2593; x_wconf 87' lang='lat'>69.</span> <span class='ocrx_word' id='word_1_609' title='bbox 1217 2567 1284 2593; x_wconf 84' lang='grc'><strong>148.</strong></span> <span class='ocrx_word' id='word_1_610' title='bbox 1314 2574 1423 2594; x_wconf 86' lang='lat' dir='ltr'>eorum</span> <span class='ocrx_word' id='word_1_611' title='bbox 1453 2575 1500 2596; x_wconf 82' lang='lat' dir='ltr'>se-</span> 
     </span>
     <span class='ocr_line' id='line_1_124' title="bbox 852 2605 1506 2645; baseline 0.008 -11"><span class='ocrx_word' id='word_1_612' title='bbox 852 2605 968 2645; x_wconf 84' lang='lat' dir='ltr'>pulcra,</span> <span class='ocrx_word' id='word_1_613' title='bbox 995 2605 1025 2636; x_wconf 87' lang='lat' dir='ltr'>ii.</span> <span class='ocrx_word' id='word_1_614' title='bbox 1044 2607 1113 2635; x_wconf 92' lang='lat'>148.</span> <span class='ocrx_word' id='word_1_615' title='bbox 1136 2605 1284 2636; x_wconf 89' lang='lat' dir='ltr'>crocodili</span> <span class='ocrx_word' id='word_1_616' title='bbox 1309 2606 1434 2645; x_wconf 86' lang='lat' dir='ltr'>Africae,</span> <span class='ocrx_word' id='word_1_617' title='bbox 1461 2608 1506 2639; x_wconf 84' lang='lat' dir='ltr'>iv.</span> 
     </span>
    </p>

    <p class='ocr_par' dir='ltr' id='par_1_68' title="bbox 815 2690 1284 2725">
     <span class='ocr_line' id='line_1_125' title="bbox 815 2690 1284 2725; baseline 0 -4"><span class='ocrx_word' id='word_1_618' title='bbox 815 2690 1053 2722; x_wconf 88' lang='lat' dir='ltr'>Crocodilorum</span> <span class='ocrx_word' id='word_1_619' title='bbox 1069 2692 1151 2725; x_wconf 73' lang='lat' dir='ltr'>urbs,</span> <span class='ocrx_word' id='word_1_620' title='bbox 1167 2691 1198 2721; x_wconf 91' lang='lat' dir='ltr'>ii.</span> <span class='ocrx_word' id='word_1_621' title='bbox 1216 2695 1284 2722; x_wconf 89' lang='lat'>148.</span> 
     </span>
    </p>

    <p class='ocr_par' dir='ltr' id='par_1_69' title="bbox 815 2733 1505 2947">
     <span class='ocr_line' id='line_1_126' title="bbox 815 2733 1505 2776; baseline 0.004 -12"><span class='ocrx_word' id='word_1_622' title='bbox 815 2736 940 2766; x_wconf 88' lang='lat' dir='ltr'>Croesus</span> <span class='ocrx_word' id='word_1_623' title='bbox 953 2744 1008 2764; x_wconf 84' lang='lat' dir='ltr'>rex</span> <span class='ocrx_word' id='word_1_624' title='bbox 1025 2733 1188 2773; x_wconf 89' lang='lat' dir='ltr'>Lydorum</span> <span class='ocrx_word' id='word_1_625' title='bbox 1205 2735 1334 2776; x_wconf 88' lang='lat' dir='ltr'>ejusque</span> <span class='ocrx_word' id='word_1_626' title='bbox 1353 2745 1464 2775; x_wconf 88' lang='lat' dir='ltr'>genus,</span> <span class='ocrx_word' id='word_1_627' title='bbox 1483 2737 1505 2769; x_wconf 79' lang='lat' dir='ltr'>i.</span> 
     </span>
     <span class='ocr_line' id='line_1_127' title="bbox 855 2776 1504 2816; baseline 0.008 -9"><span class='ocrx_word' id='word_1_628' title='bbox 855 2782 883 2807; x_wconf 92' lang='lat'>6.</span> <span class='ocrx_word' id='word_1_629' title='bbox 911 2781 940 2808; x_wconf 90' lang='lat'>7.</span> <span class='ocrx_word' id='word_1_630' title='bbox 970 2781 1021 2809; x_wconf 85' lang='lat'>92.</span> <span class='ocrx_word' id='word_1_631' title='bbox 1069 2776 1222 2816; x_wconf 87' lang='lat' dir='ltr'>Ephesios</span> <span class='ocrx_word' id='word_1_632' title='bbox 1252 2777 1379 2813; x_wconf 87' lang='lat' dir='ltr'>invadit,</span> <span class='ocrx_word' id='word_1_633' title='bbox 1406 2779 1427 2809; x_wconf 94' lang='lat' dir='ltr'>i.</span> <span class='ocrx_word' id='word_1_634' title='bbox 1453 2784 1504 2812; x_wconf 78' lang='grc'>26.</span> 
     </span>
     <span class='ocr_line' id='line_1_128' title="bbox 854 2820 1502 2861; baseline 0.003 -11"><span class='ocrx_word' id='word_1_635' title='bbox 854 2822 957 2851; x_wconf 90' lang='lat' dir='ltr'>bonus</span> <span class='ocrx_word' id='word_1_636' title='bbox 969 2820 1023 2856; x_wconf 87' lang='lat' dir='ltr'>vir,</span> <span class='ocrx_word' id='word_1_637' title='bbox 1040 2827 1072 2851; x_wconf 85' lang='lat' dir='ltr'>et</span> <span class='ocrx_word' id='word_1_638' title='bbox 1100 2820 1273 2861; x_wconf 82' lang='lat' dir='ltr'>religiosus,</span> <span class='ocrx_word' id='word_1_639' title='bbox 1304 2832 1340 2851; x_wconf 91' lang='lat' dir='ltr'>ac</span> <span class='ocrx_word' id='word_1_640' title='bbox 1369 2821 1502 2852; x_wconf 88' lang='lat' dir='ltr'>deorum</span> 
     </span>
     <span class='ocr_line' id='line_1_129' title="bbox 853 2863 1500 2905; baseline 0.003 -12"><span class='ocrx_word' id='word_1_641' title='bbox 853 2863 963 2899; x_wconf 80' lang='lat' dir='ltr'>cultor,</span> <span class='ocrx_word' id='word_1_642' title='bbox 979 2864 998 2894; x_wconf 92' lang='lat' dir='ltr'>i.</span> <span class='ocrx_word' id='word_1_643' title='bbox 1026 2867 1076 2895; x_wconf 90' lang='lat'>87.</span> <span class='ocrx_word' id='word_1_644' title='bbox 1090 2874 1165 2895; x_wconf 90' lang='lat' dir='ltr'>cum</span> <span class='ocrx_word' id='word_1_645' title='bbox 1196 2864 1337 2905; x_wconf 81' lang='lat' dir='ltr'>Astyage</span> <span class='ocrx_word' id='word_1_646' title='bbox 1358 2864 1500 2901; x_wconf 78' lang='lat' dir='ltr'>affinitas,</span> 
     </span>
     <span class='ocr_line' id='line_1_130' title="bbox 854 2906 1499 2947; baseline 0.002 -11"><span class='ocrx_word' id='word_1_647' title='bbox 854 2907 873 2936; x_wconf 92' lang='lat' dir='ltr'>i.</span> <span class='ocrx_word' id='word_1_648' title='bbox 904 2910 953 2938; x_wconf 85' lang='lat'>75.</span> <span class='ocrx_word' id='word_1_649' title='bbox 981 2907 1101 2947; x_wconf 88' lang='lat' dir='ltr'>primus</span> <span class='ocrx_word' id='word_1_650' title='bbox 1132 2907 1260 2938; x_wconf 85' lang='lat' dir='ltr'>Graecos</span> <span class='ocrx_word' id='word_1_651' title='bbox 1284 2906 1323 2937; x_wconf 87' lang='lat' dir='ltr'>ad</span> <span class='ocrx_word' id='word_1_652' title='bbox 1344 2907 1499 2938; x_wconf 87' lang='lat' dir='ltr'>tributum</span> 
     </span>
    </p>
   </div>
  </div>
 </body>
</html>
