1836 3156
437 179 923 229 POLYMNIA
979 178 1099 227 VII.
1387 185 1476 224 211

139 314 259 377 μέχρι
284 315 490 376 Τρηχῖνος·
517 314 557 359 οἱ
576 311 629 369 δὲ,
657 318 729 359 τῶν
744 311 839 376 πρός
864 311 968 358 νότον
991 310 1067 357 καὶ
1082 307 1333 372 μεσαμὲρίην
1357 307 1483 372 φερόν-

142 409 217 437 των
240 388 287 436 τό
311 388 378 435 ἐπὶ
399 389 555 442 ταύτης
577 393 648 443 τῆς
662 389 830 452 ἠπείρου.

213 480 330 512 CCII.
360 466 495 510 ’Έσαν
520 465 558 512 δὲ
583 466 662 512 οἵδε
696 465 897 518 Ἑλληνων
930 465 969 510 οἱ
995 464 1252 527 ὑπομένοντες
1281 463 1347 510 τὸν
1383 462 1484 526 Πέρ-

141 561 206 596 σην
238 543 273 589 έν
307 541 437 603 τούτῳ
469 545 526 603 τῷ
557 543 684 605 χώρῳ.
757 540 1038 603 Σπαρτιητέων
1061 559 1104 586 τε
1136 539 1346 603 τριηκόσιοι
1372 539 1485 585 ὁπλῖ-

141 638 231 675 ται,
272 617 347 664 καὶ
382 618 609 677 Τεγεητέων
649 617 724 664 καὶ
759 617 988 663 Μαντινέων
1019 616 1166 677 χίλιοι,
1202 617 1357 679 ἡμίσεες
1392 616 1486 662 ἑκα-

141 695 264 758 τέρων·
299 696 339 749 ἐξ
373 695 633 757 Ὀρχομενοῦ
667 712 710 740 τε
745 697 815 746 τῆς
845 692 1087 756 Ἀρκαδίης,
1126 696 1245 738 εἴκοσι
1277 692 1351 738 καὶ
1393 693 1487 738 ἑκα-

86 783 115 821 5
139 774 221 821 τόν·
254 773 329 821 καὶ
360 776 405 821 ἐκ
440 778 510 828 τῆς
544 777 688 827 λοιπῆς
715 772 959 836 Ἀρκαδίης,
1009 771 1155 831 χίλιοι·
1193 775 1376 817 τοσοῦτοι
1416 770 1487 833 μὲν

139 851 370 916 Ἀρκάδων·
406 850 492 898 ἀπό
528 851 567 897 δὲ
600 850 811 914 Κορίνθου,
847 849 1110 913 τετρακόσιοι·
1154 848 1229 895 καὶ
1257 848 1342 895 ἀπὸ
1379 849 1488 894 Φλι-

144 934 292 985 οῦντος,
333 928 536 982 διηκόσιοι·
573 926 648 973 καὶ
685 926 930 980 Μυκηναίων
965 926 1212 986 ὀγδώκοντα.
1284 922 1393 971 οὗτοι
1419 923 1489 986 μὲν

144 1005 230 1053 ἀπὸ
263 1005 567 1058 Πελοποννησου
615 1007 811 1067 παρῆσαν.
862 1002 947 1049 ἀπὸ
983 1003 1021 1049 δὲ
1055 1005 1249 1057 Βοιωτῶν,
1285 1001 1490 1048 Θεσπιέων

143 1101 186 1129 τε
220 1081 471 1137 ἑπτακόσιοι,
503 1080 579 1127 καὶ
615 1078 807 1134 Θηὲαίων
839 1079 1105 1143 τετρακόσιοι.

185 1175 318 1206 CCIII.
344 1157 452 1221 Πρός
474 1158 651 1205 τούτοισι
675 1157 884 1211 ἐπίκλητοι
910 1156 1082 1216 ἐγένοντο
1100 1156 1257 1219 Λοκροί
1274 1175 1317 1203 τε
1342 1157 1382 1202 οἱ
1410 1154 1490 1203 'O-

136 1237 312 1284 πούντιοι
338 1238 607 1298 πανστρατιῇ,
631 1233 708 1280 καὶ
729 1233 903 1280 Φωκέων
924 1233 1072 1293 χίλιοι.
1109 1232 1228 1279 αὐτοὶ
1261 1234 1343 1296 γάρ
1366 1243 1492 1290 σφεας

144 1313 446 1361 ἐπεκαλέσαντο
467 1313 507 1358 οἱ
518 1312 731 1367 ’Έλληνες,
753 1310 937 1370 λέγοντες
961 1309 1007 1356 δι’
1029 1309 1230 1370 ἀγγέλων,
1254 1311 1303 1362 ὦς
1329 1316 1355 1335 “
1373 1307 1492 1355 αὐτοὶ

143 1389 215 1454 μὲν
237 1390 362 1444 ἥκοιεν
386 1387 598 1452 πρόδρομοι
622 1392 696 1434 τῶν
715 1387 864 1442 ἄλλων,
891 1388 930 1433 οἱ
942 1386 981 1433 δὲ
998 1386 1134 1432 λοιποὶ
1158 1391 1231 1432 τῶν
1256 1386 1491 1448 συμμάχων

95 1477 123 1515 5
148 1466 410 1531 προσδόκιμοι
445 1466 584 1511 πᾶσάν
620 1466 690 1511 εἰσι
719 1464 868 1527 ἡμέρην·
903 1465 924 1517 ἦ
955 1464 1161 1510 θάλασσά
1192 1462 1235 1509 τέ
1271 1474 1340 1520 σφι
1378 1465 1431 1515 εἴη
1455 1463 1490 1508 ἐν

148 1547 332 1608 φυλακῇ,
358 1544 427 1590 ὑπ’
467 1543 707 1597 Ἀθηναίων
734 1562 778 1590 τε
814 1542 1082 1606 φρουρεομένη,
1117 1541 1192 1588 καὶ
1230 1542 1488 1602 Αἰγινητέων,

145 1620 221 1667 καὶ
242 1625 317 1667 τῶν
342 1621 379 1672 ἐς
401 1618 467 1666 τὸν
490 1618 675 1666 ναυτικὸν
699 1619 949 1679 ταχθέντων.
976 1618 1056 1664 καί
1068 1630 1138 1677 σφι
1157 1622 1210 1672 εἴη
1230 1616 1343 1664 δεινδν
1367 1617 1488 1664 οὐδέν·

146 1699 190 1744 οὐ
214 1695 296 1760 γαρ
318 1695 410 1744 θεὸν
434 1696 529 1743 εἶναι
563 1695 628 1742 τὸν
653 1695 817 1743 ἐπιόντα
855 1694 922 1742 ἐπὶ
955 1695 1022 1749 τὴν
1044 1695 1255 1750 Ἑλλάδα,
1297 1695 1393 1740 ἀλλ’
1422 1694 1490 1741 οἵν-

144 1777 317 1838 θρωπον·
355 1774 450 1819 εἶναι
477 1772 515 1819 δὲ
540 1772 681 1826 θνητόν
706 1772 856 1828 οὐδένα,
893 1771 979 1818 οὐδὲ
1003 1771 1185 1827 ἔσεσθαι,
1219 1774 1277 1833 τῷ
1299 1771 1428 1818 κακόν
1450 1773 1490 1827 ἐξ

64 1860 125 1899 10
147 1852 274 1916 ἀρχῆς
297 1850 486 1913 γινομένῳ
510 1851 555 1896 οὐ
579 1850 819 1910 συνεμίχθη·
856 1854 956 1896 τοῖσι
995 1848 1033 1894 δὲ
1056 1848 1285 1911 μεγίστοισι
1323 1847 1487 1904 αὐτέων,

143 1928 342 1991 μέγιστα.
379 1926 543 1985 ὀφείλειν
565 1925 614 1971 ὧν
631 1925 705 1972 καὶ
728 1925 793 1971 τόν
816 1924 1100 1978 ἐπελαύνοντα,
1119 1925 1170 1976 ὡς
1193 1924 1304 1970 ἐόντα
1331 1922 1488 1980 θνητὸν,

147 2003 234 2050 ἀπὸ
256 2003 326 2056 τῆς
351 2002 461 2057 δόξης
483 2002 630 2048 πεσέειν
654 1999 745 2046 ἃν.”
822 2001 886 2046 Οἱ
905 1999 959 2055 δὲ,
1002 2004 1143 2045 ταῦτα
1181 1999 1488 2062 πυνθανόμενοι,

149 2078 332 2134 ὲὲοῇθεον
356 2080 393 2131 ές
415 2077 483 2131 τὴν
509 2080 705 2141 Τρηχῖνα.

194 2174 319 2205 CCIV.
356 2157 549 2203 Τούτοισι
585 2156 676 2202 ἐ’σαν
708 2155 780 2218 μέν
804 2174 865 2201 νυν
888 2154 963 2201 καὶ
986 2155 1107 2201 ἄλλοι
1131 2154 1352 2219 στρατηγοὶ
1374 2152 1491 2201 κατοὶ

149 2235 301 2288 πόλιας
324 2234 517 2281 ἑκάστων·
555 2233 575 2279 ὁ
598 2232 637 2279 δὲ
661 2232 958 2296 θωμαζόμενος
980 2233 1186 2295 μάλιστα,
1227 2232 1301 2279 καὶ
1341 2230 1493 2284 παντός

151 2317 226 2359 τοῦ
248 2311 557 2375 στρατεύματος
581 2309 800 2372 ἡγεόμενος,
829 2309 1154 2372 Λακεδαιμόνιος
1183 2308 1224 2362 ἦν
1244 2308 1490 2363 Λεωνίδης,

154 2387 175 2433 ὁ
217 2386 552 2450 Ἀναξανδρίδεω,
602 2390 676 2432 τοῦ
714 2386 896 2440 Λέοντος,
949 2390 1023 2432 τοῦ
1056 2384 1374 2448 Εὐρυκρατίδεω,
1420 2388 1493 2429 τοῦ

101 2475 130 2513 5
153 2464 445 2528 Ἀναξάνδρου,
472 2468 546 2510 τοῦ
574 2464 861 2526 Εὐρυκράτεος,
887 2466 962 2508 τοῦ
986 2461 1243 2524 Πολυδώρου,
1287 2465 1361 2506 τοῦ
1382 2461 1493 2506 Ἀλ-

154 2542 360 2605 καμένεος,
396 2546 469 2588 τοῦ
504 2541 733 2595 Τηλέκλου,
770 2545 843 2587 τοῦ
865 2540 1091 2604 Ἀρχέλεω,
1126 2544 1200 2586 τοῦ
1239 2538 1494 2598 Ἡγησίλεω,

156 2623 231 2666 τοῦ
257 2618 482 2681 Δορύσσου,
507 2622 581 2664 τοῦ
607 2615 836 2672 Λεωὲότεω,
868 2621 942 2663 τοῦ
964 2617 1263 2679 Ἐχεστράτου,
1301 2619 1375 2662 τοῦ
1409 2617 1496 2662 ”Η-

156 2715 257 2757 γιος,
283 2700 357 2743 τοῦ
382 2695 662 2758 Εὐρυσθένεος,
705 2699 778 2741 τοῦ
800 2693 1116 2757 Ἀριστοδήμου,
1140 2698 1215 2740 τοῦ
1236 2694 1496 2757 Ἀριστομά-

1512 471 1578 507 Qui
1601 471 1710 510 populi

1514 514 1645 545 Graeciae
1660 513 1699 543 il-

1511 557 1563 587 luc
1579 556 1695 587 milites

1510 599 1660 631 miserint.

1520 2167 1649 2198 Horum
1660 2167 1718 2197 du-

1518 2220 1580 2240 ces:
1596 2220 1681 2240 sum·

1518 2263 1589 2283 mus
1605 2252 1678 2288 dux,

1520 2295 1686 2331 Leonidas,

1520 2340 1688 2377 Spartano-

1518 2391 1589 2410 rum
1614 2390 1678 2410 rex.

1521 2424 1601 2464 Ejus
1625 2430 1720 2453 stem-

1518 2477 1571 2496 ma
1586 2476 1685 2506 usque

1520 2511 1558 2539 ab
1579 2508 1720 2540 Hercule

1519 2551 1696 2592 repetitum.
