1805 3151
493 161 987 210 POLYMNIA.
1036 159 1156 207 VH.
1399 166 1478 203 131

145 304 173 325 “
196 296 253 344 τοὶ
277 295 316 343 δὲ
339 293 494 358 σμικροὶ
518 295 624 341 οὐδέν
647 313 715 357 μιν
740 293 878 354 κνίζεις
915 291 1006 355 ὁρᾷς
1030 290 1070 337 δὲ
1110 292 1160 343 ὡς
1198 292 1234 342 ἐς
1275 289 1488 352 οἰκήματα

58 381 120 420 50
145 381 171 402 “
194 371 251 420 τοὶ
289 372 474 435 μέγιστα
512 371 604 427 αιέἱ,
642 370 718 417 καὶ
741 370 892 432 δένδρεα
916 366 972 415 τὰ
1008 371 1205 424 τοιαῦτα,
1229 367 1488 420 ἀποσκηπτει

144 457 172 477 “
196 449 343 513 βέλεα;
392 448 515 507 φιλέει
556 448 637 511 γαρ
681 448 702 494 ὁ
739 446 833 499 θεὸς
867 444 923 492 τοὶ
961 445 1207 509 ὑπερέχοντα
1241 446 1382 491 πάντα
1422 462 1491 489 κο-

147 533 174 553 “
195 526 330 573 λούειν.
402 525 506 572 οὕτω
531 525 575 579 δη
598 524 674 571 καὶ
713 521 886 587 στρατός
926 520 1080 574 πολλός
1115 520 1195 568 ὑπὸ
1229 521 1370 580 ὀλίγου
1406 521 1493 566 δια-

144 609 173 630 “
198 602 407 666 φθείρεται
440 600 559 648 κατα
593 601 749 648 τοιόνδε.
786 600 905 647 ἐπεάν
930 611 999 658 σφι
1025 598 1045 644 ὁ
1066 597 1162 651 θεός
1191 598 1399 656 φθονῇσας
1422 597 1492 656 φό-

143 687 172 708 “
197 678 263 727 ζον
279 678 455 742 ἐμῧάλη,
483 681 505 733 ἢ
528 678 709 743 βροντὴν,
734 676 780 724 δι’
805 676 856 723 ὦν
880 676 1115 739 ἐφθάρησαν
1134 675 1303 729 ἀναξίως
1327 674 1490 720 ε’ωυτῶν·

57 764 118 804 55
145 763 171 784 “
195 757 241 802 οὐ
275 754 358 820 γαρ
393 757 442 820 ἐᾷ
477 757 636 820 φρονέειν
671 754 787 817 μέγα
824 753 844 798 ὁ
876 751 971 804 θεὸς
1005 751 1132 797 οἵλλον
1172 749 1370 804 η’ἑωυτόν.
1418 750 1495 796 Ἐ-

146 840 173 861 “
197 835 420 893 πειχθῆναι
454 831 525 894 μέν
559 851 620 878 νυν
655 832 738 877 πᾶν
762 833 954 893 πρῆγμα,
991 828 1119 874 τίκτει
1155 827 1411 888 σφάλματα,
1450 826 1495 871 ἐκ

145 917 174 938 “
198 914 272 956 τῶν
308 909 456 972 ζημίαι
490 909 680 970 μεγάλαι
716 907 895 965 φιλέουσι
930 904 1132 965 γίνεσθαι·
1166 904 1200 950 ἐν
1239 902 1278 949 δὲ
1311 905 1370 965 τῷ
1410 903 1495 949 ἐπι-

149 993 178 1014 “
201 991 308 1046 σχεῖν
342 986 462 1032 ἔνεστι
498 983 672 1044 ἀγαθα,
709 985 742 1030 ει’
777 1003 836 1046 μη
876 982 1121 1046 παραυτίκα
1157 980 1347 1027 δοκέοντα
1384 998 1494 1035 ειναι,

146 1069 174 1090 “
198 1063 294 1109 ἀλλ’
323 1059 402 1107 ἀνοὶ
425 1060 558 1124 χρόνον
594 1060 732 1124 ἐξεύροι
768 1079 830 1113 τις
864 1059 927 1105 οἷν.
1002 1058 1076 1105 an
1109 1057 1180 1121 μὲν
1216 1056 1262 1111 δὴ
1285 1060 1496 1112 ταῦτα,ω

58 1146 122 1187 60
147 1145 175 1166 “
199 1141 391 1202 βασιλεῦ,
428 1135 705 1200 συμὲουλεύω.
784 1135 846 1183 Σι)
872 1135 926 1191 δὲ,
962 1143 992 1180 ὠ
1028 1139 1115 1181 παῖ
1141 1132 1333 1197 Γωζρύεω
1373 1135 1497 1197 Μαρ-

145 1222 172 1243 “
197 1214 306 1269 δόνιε,
343 1217 506 1260 παῦσαι
540 1212 667 1273 λέγων
701 1212 852 1273 λόγους
887 1211 1097 1275 ματαιόυς
1148 1209 1236 1273 περὶ
1279 1210 1497 1264 (Ελληνων,

146 1300 174 1320 “
197 1292 272 1339 οὐκ
295 1290 429 1338 ἐόντων
454 1291 570 1346 ἀξίων
606 1290 792 1354 φλαύρως
816 1289 990 1336 ἀκούειν.
1053 1287 1267 1341 ’Έλληνας
1304 1285 1386 1350 γαρ
1411 1286 1498 1332 δια-

145 1376 173 1398 “
197 1367 372 1424 ζάλλων,
408 1369 581 1431 ἐπαίρεις
616 1366 738 1414 αὐτόν
773 1370 962 1430 βασιλῆα
1002 1365 1318 1429 στρατεύεσθαι·
1366 1366 1498 1411 αὐτοῦ

146 1454 174 1474 “
196 1445 237 1493 δὲ
260 1445 407 1492 τούτου
432 1445 560 1492 εἵνεκα
596 1444 739 1497 δοκέεις
772 1463 842 1506 μοι
878 1444 1020 1489 πᾶσαν
1054 1442 1285 1505 προθυμίην
1309 1441 1496 1489 ἐκτείνειν.

61 1528 121 1570 65
148 1528 180 1550 “
203 1522 261 1584 μη
302 1540 362 1566 νυν
386 1519 491 1567 οὕτω
526 1519 702 1580 γένηται.
738 1517 908 1573 διαὲολῆ
943 1519 1026 1582 γάρ
1066 1519 1151 1564 ἐστι
1187 1517 1424 1564 δεινότατον·
1462 1519 1496 1565 ἐν

149 1606 176 1626 “
199 1601 250 1662 τῇ
276 1597 344 1644 δύο
367 1597 438 1659 μέν
462 1598 534 1643 εἰσι
558 1598 599 1642 οἱ
617 1596 853 1651 ἀδικέοντες,
892 1595 944 1647 εἷς
968 1594 1008 1641 δέ
1033 1593 1055 1640 o‘
1076 1593 1345 1657 ἀδικεόμενος.
1384 1594 1405 1639 ὁ
1426 1593 1497 1657 μὲν

146 1683 173 1704 “
198 1673 280 1738 γαρ
303 1672 536 1721 διαὲάλλων
561 1673 722 1729 ἀδικέει,
759 1674 804 1719 οὐ
844 1671 1058 1736 παρεόντος
1091 1671 1360 1735 κατηγορέων·
1402 1671 1423 1717 0‘
1458 1672 1497 1719 δὲ

150 1760 178 1781 “
201 1751 363 1808 ἀδικέει,
389 1750 708 1813 ἀναπειθόμενος
731 1749 818 1814 πρὶν
853 1750 874 1804 ἢ
899 1749 1093 1812 ἀτρεκέως
1127 1749 1313 1811 ἐκμάθῃ.
1344 1747 1365 1794 o‘
1388 1748 1428 1795 δὲ
1453 1749 1498 1802 δὴ

147 1837 175 1857 “
197 1828 328 1876 ἀπεὼν
362 1832 437 1875 τοῦ
458 1827 587 1888 λόγου
622 1827 721 1874 τάδε
746 1828 780 1874 ἐν
804 1828 961 1874 αὐτοῖσι
996 1825 1217 1880 ἀδικέεται,
1261 1823 1501 1878 διαζληθείς

62 1912 125 1958 70
149 1913 175 1933 “
197 1924 241 1951 τε
266 1903 347 1951 ὑπό
380 1908 454 1950 τοῦ
489 1903 634 1967 ἑτέρου,
670 1902 747 1949 καὶ
786 1902 978 1966 νομισθεὶς
1019 1900 1116 1966 πρός
1149 1906 1224 1948 τοῦ
1258 1901 1386 1964 ἑτέρου
1420 1922 1499 1948 κα-

150 1990 178 2010 “
201 1980 272 2035 κδς
306 1982 416 2028 εἶναι.
487 1979 616 2028 Ἀλλ’
637 1982 669 2028 εἰ
693 1981 737 2034 δὴ
765 1981 825 2028 δεῖ
842 2000 890 2041 γε
924 1981 1088 2033 πάντως
1123 1979 1191 2027 ἐπὶ
1224 1980 1319 2033 τους
1354 1980 1501 2045 ἄνδρας

150 2063 182 2086 “
207 2058 376 2110 τούτους
399 2057 713 2122 στρατεύεσθαι,
738 2057 839 2122 φέρε,
867 2057 1068 2121 βασιλευς
1090 2056 1162 2120 μὲν
1187 2055 1312 2110 αὐτὸς
1337 2058 1371 2104 ἐν
1396 2057 1498 2110 ἤθεσι

149 2146 179 2166 “
203 2145 303 2186 τοῖσι
341 2139 517 2203 Περσέων
551 2139 710 2202 μενέτω·
759 2139 883 2203 ἡμέων
919 2139 958 2186 δὲ
999 2139 1231 2203 ἀμφοτέρων
1267 2138 1493 2203 παραὲαλ-

152 2224 179 2244 “
201 2217 371 2279 λομένων
419 2216 476 2263 τοὶ
510 2216 647 2272 τέκνα,
685 2218 960 2280 στρατηλάτεε
996 2215 1122 2270 αὐτὸς
1156 2216 1221 2272 σι),
1258 2217 1498 2279 ἐπιλεξάμε-

65 2300 124 2345 75
152 2299 182 2355 “
207 2293 266 2346 νός
305 2313 348 2340 τε
389 2293 535 2357 ἄνδρας
573 2294 668 2346 τούς
703 2294 867 2350 ἐθέλεις,
904 2292 980 2341 καὶ
1018 2292 1155 2340 λαὲὢν
1195 2294 1384 2357 στρατιὴν
1410 2293 1498 2340 ὁκό-

149 2377 176 2398 “
200 2389 265 2424 σην
289 2369 379 2416 τινοὶ
399 2371 584 2433 βούλεαι.
607 2369 682 2417 καὶ
706 2372 746 2424 ἣν
769 2370 843 2433 μὲν
866 2374 919 2435 τῇ
942 2372 992 2419 σι)
1016 2371 1148 2431 λέγεις
1177 2369 1375 2433 ἀναὲαίνῃ
1414 2374 1498 2433 βα-

150 2453 177 2473 “
201 2445 308 2492 σιλέϊ
331 2444 388 2492 τοὶ
411 2448 660 2510 πρήγματα,
685 2447 920 2495 κτεινέσθων
955 2449 996 2494 οἱ
1013 2446 1102 2509 ἐμοὶ
1126 2446 1286 2503 παῖδες,
1323 2445 1420 2510 πρός
1459 2446 1498 2493 δὲ

151 2530 178 2550 “
202 2523 359 2569 αὐτοῖσι
392 2522 468 2569 καὶ
502 2524 593 2583 ἐγώ·
627 2525 668 2577 ἢν
692 2523 732 2571 δὲ
766 2527 818 2587 τῇ
852 2524 933 2584 ἐγα)
955 2523 1153 2588 προλέγω,
1196 2524 1236 2569 οἱ
1271 2522 1333 2569 σοὶ
1355 2527 1498 2570 ταῦτα

149 2606 176 2626 “
200 2597 453 2658 πασχόντων,
479 2599 548 2646 σὺν
572 2599 612 2646 δὲ
636 2611 706 2658 σφι
730 2599 806 2646 καὶ
839 2599 904 2655 σι),
940 2600 982 2653 ἣν
1020 2600 1311 2662 ἀπονοστῆσῃς.
1381 2601 1436 2646 Εἰ
1459 2599 1497 2647 δὲ

66 2683 127 2723 80
151 2682 178 2704 “
201 2679 343 2722 ταῦτα
365 2675 436 2739 μὲν
471 2675 672 2723 ὑποδύνειν
706 2677 781 2722 οὐκ
805 2677 1018 2731 ἐθελησεις,
1044 2675 1094 2723 σι)
1119 2675 1158 2722 δέ
1193 2676 1354 2728 πάντως
1377 2677 1498 2740 στρά-

149 2759 176 2781 “
196 2771 333 2815 τευμα
367 2751 522 2807 ἀνάξεις
545 2751 612 2799 ἐπὶ
634 2752 703 2807 τὴν
738 2753 950 2809 Ἑλλάδα,
987 2752 1252 2800 ἀκούσεσθαί
1280 2754 1370 2800 τινά
1395 2765 1497 2816 φημι

1613 1998 1635 2028 ὅ
