1805 3151
482 172 952 222 POLYMNIA
1003 172 1120 220 VII.
1380 178 1468 219 149

132 313 159 335 ⁶⁶
182 305 468 368 κλεπτόμενος·
505 305 708 369 εὐπρηξίης
731 303 813 368 γοὶρ
835 305 910 351 οὐκ
933 303 1017 350 ἐ’στι
1042 304 1287 367 ἀνθρώποισι
1311 302 1473 366 οὐδεμίη

133 389 160 411 “
185 383 394 445 πληθώρη.
430 381 506 428 καὶ
529 381 573 436 δη
598 400 673 437 τοι,
697 383 747 434 ὦς
770 379 919 433 οὐδενὸς
941 379 1245 442 ἐναντιευμένου,
1276 378 1384 440 λέγω
1406 377 1475 432 τὴν

133 466 163 487 “
185 460 324 522 χώρην,
349 463 504 506 πλεῦνα
519 460 553 506 ἐν
578 463 715 507 πλεῦνι
738 457 863 522 χρόνῳ
891 457 1109 521 γινομένην,
1131 455 1250 520 λιμόν
1272 456 1475 512 τέξεσθαι.
1516 516 1518 518 ¹

45 544 108 583 20
132 543 162 565 ⁶⁶
186 535 314 599 Ἀνὴρ
338 535 378 583 δὲ
404 536 508 584 οὕτω
532 535 580 583 ἂν
614 541 668 591 εἰἠ
702 536 875 599 οἵριστος,
912 536 944 581 εἰ
968 534 1256 598 βουλευόμενος
1295 532 1381 597 μὲν,
1407 531 1477 597 ἄῤ-

133 619 160 641 ‘⁶
184 611 327 677 ῥωδέοι,
352 613 436 659 πᾶν
462 612 744 676 ἐπιλεγόμενος
767 611 984 660 πείσεσθαι
1007 615 1167 675 χρῆμα,
1192 611 1228 658 ἐν
1247 609 1286 657 δέ
1303 612 1359 672 τῷ
1379 609 1478 673 ἐ’ργῳ

132 693 166 716 “
191 687 350 751 θρασῦς
373 687 470 743 ern?

197 779 240 811 L.
310 763 561 828 Ἀμείὲεται
600 763 750 828 Ξέρξης
783 763 928 810 τοῖσδε·
969 768 998 790 “
1021 758 1278 825 Ἀρτάὲανε,
1321 758 1480 812 εἰκότως

134 847 163 891 5⁶
185 840 258 904 μὲν
281 841 331 887 σι’)
366 861 413 902 γε
450 842 620 889 τουτέων
656 841 816 888 ἐ’καστα
842 838 1044 904 διαιρέεαι·
1080 836 1189 901 ἁτοὶρ
1211 838 1315 900 μητε
1339 837 1481 883 πάντα

136 923 166 946 ‘⁶
191 916 324 977 φοὲέο,
359 920 462 981 μητε
498 919 581 964 πᾶν
606 917 749 980 ὁμοίως
787 917 985 977 ἐπιλέγεο.
1058 915 1116 962 Εἰ
1138 913 1222 978 γὰρ
1246 913 1291 968 δὴ
1315 913 1481 977 βούλοιο

133 999 165 1023 ⁶⁶
189 993 257 1041 ἐπὶ
279 998 338 1056 τῷ
362 993 441 1042 αιέὶ
465 994 757 1059 ἐπεσφερομένῳ
780 994 998 1057 πρηγματι
1039 991 1088 1039 τό
1111 993 1194 1038 ποῖν
1219 990 1362 1054 ὁμοίως
1396 991 1481 1037 ἐπι-

82 1079 111 1119 5
141 1078 168 1099 ‘⁶
191 1071 410 1132 λέγεσθαι,
438 1072 644 1126 ποιησειας
669 1070 717 1118 ἂν
741 1069 910 1133 οὐδαμοῖ
933 1070 1051 1117 οὐδέν·
1076 1070 1235 1133 κρέσσον
1259 1069 1315 1125 δὲ,
1341 1068 1483 1115 πάντα

137 1156 169 1177 “
192 1149 434 1213 θαρσέοντα,
468 1150 596 1212 ἥμισυ
631 1153 705 1195 τῶν
742 1148 864 1195 δεινῶν
904 1148 1079 1208 πάσχειν
1119 1147 1298 1209 μᾶλλον,
1337 1146 1360 1199 ἢ
1401 1146 1484 1191 πᾶν

137 1232 164 1253 “
187 1228 331 1289 χρῆμα
354 1225 702 1290 προδειμαίνοντα,
739 1225 921 1287 μηδαμοῖ
944 1223 1063 1287 μηδὲν
1087 1224 1252 1270 παθεῖν.
1295 1223 1326 1269 ει’
1350 1221 1390 1268 δέ
1414 1220 1484 1285 ἐρί-

139 1309 169 1330 ⁶⁶
194 1301 270 1364 ζων
294 1301 392 1366 πρὸς
426 1304 512 1349 πᾶν
547 1302 596 1350 τό
635 1301 861 1365 λεγόμενον,
902 1302 961 1364 μὴ
1000 1300 1048 1348 τὸ
1070 1299 1238 1364 βέέαιον
1262 1298 1482 1356 ἀποδέξεις,

136 1383 170 1405 “
193 1379 463 1437 σφάλλεσθαι
490 1379 663 1438 ὀφείλεις
703 1379 738 1425 ἐν
763 1379 921 1425 αὐτοῖσι
947 1376 1090 1440 ὁμοίως
1123 1375 1198 1424 καὶ
1222 1375 1245 1423 ὁ
1266 1375 1485 1423 ὑπεναντία

58 1462 117 1501 10
142 1461 174 1483 “
197 1455 374 1502 τούτοισι
397 1456 531 1512 λέξας.
565 1460 688 1503 τοῦτο
711 1456 783 1519 μέν
807 1474 868 1501 νυν
901 1453 1037 1508 ἐπίσης
1065 1454 1159 1515 ἐ’χει.
1188 1453 1326 1500 εἰδέναι
1355 1451 1395 1498 δὲ
1419 1451 1485 1497 οἴν-

141 1538 171 1560 “
200 1534 360 1596 θρωπον
392 1533 519 1588 ἐόντα,
552 1532 652 1586 ὅκως
681 1531 773 1596 χρὴ,
807 1530 856 1578 τὸ
890 1529 1071 1594 βέζαιον,
1106 1529 1228 1576 δοκέω
1260 1528 1332 1592 μὲν
1367 1528 1487 1574 οὐδα-

140 1616 167 1637 “
190 1614 288 1672 μῶς.
322 1614 423 1656 τοῖσι
463 1609 589 1656 τοίνυν
631 1608 910 1672 βουλομένοισι
951 1607 1107 1664 ποιέειν,
1157 1608 1207 1659 ὦς
1246 1605 1294 1653 τὸ
1336 1605 1489 1653 ἐπίπαν

139 1693 169 1715 ⁶‘
194 1686 318 1745 φιλέει
353 1687 543 1747 γίνεσθαι
589 1684 646 1733 τοὶ
680 1685 838 1749 κέρδεα·
874 1690 976 1732 τοῖσι
1012 1683 1053 1731 δὲ
1089 1683 1411 1746 ἐπιλεγομένοισί
1445 1701 1489 1729 τε

143 1768 175 1792 “
198 1764 340 1810 πάντα
363 1763 440 1811 καὶ
462 1763 629 1820 ὀκνεῦσι,
668 1764 715 1810 οὐ
749 1763 876 1826 μάλα
909 1761 1055 1809 ἐθέλει.
1123 1762 1261 1825 “Ορᾷς
1294 1757 1352 1806 τοὶ
1388 1761 1491 1822 Περ-

60 1849 116 1887 15
142 1846 172 1869 ⁶⁶
192 1839 284 1887 σέων
308 1841 544 1904 πρηγματα
579 1841 617 1894 ἐς
647 1839 667 1886 ὃ
691 1840 882 1903 δυνάμιος
916 1838 1206 1902 προκεχώρηκε,
1245 1839 1278 1884 εἰ
1307 1837 1433 1884 τοίνυν
1457 1838 1492 1883 ἐ-

142 1923 174 1945 ⁶⁶
197 1923 311 1965 κεῖνοι
336 1919 376 1964 οἱ
394 1917 470 1981 πρὸ
505 1919 602 1980 ἐμεῦ
626 1916 823 1980 γενόμενοι
859 1918 1056 1980 βασιλῆες
1091 1916 1270 1978 γνώμῃσι
1307 1914 1493 1978 ἐχρέωντο

144 2000 173 2022 ‘⁶
197 1993 352 2057 ὁμοίῃσι
375 1993 452 2040 καὶ
486 1993 550 2049 σύ,
587 1994 609 2048 ἢ
633 1993 691 2056 μὴ
725 1991 927 2057 χρεόμενοι
961 1993 1139 2055 γνώμῃσι
1164 1991 1389 2055 τοιαύτῃσι,
1415 1992 1492 2038 δίλ-

143 2076 176 2099 ⁶⁶
196 2080 294 2123 λους
317 2068 576 2133 συμὲοόλους
612 2071 716 2131 εἶχον
750 2069 972 2125 τοιούτους,
1010 2070 1084 2115 οὐκ
1108 2069 1157 2115 οἶν
1179 2087 1274 2116 κοτε
1300 2069 1394 2122 εἶδες
1418 2069 1493 2115 αὐ-

146 2154 175 2175 ‘⁶
199 2146 256 2194 τοὶ
291 2149 328 2200 ἐς
351 2151 473 2194 τοῦτο
497 2147 765 2212 προελθόντα·
803 2151 866 2194 νῦν
903 2145 943 2193 δέ
982 2144 1183 2199 κινδύνους
1218 2144 1494 2210 ἁναῤῥιπτέον-

61 2232 125 2271 20
148 2230 177 2253 ⁶⁶
201 2243 284 2282 τες,
309 2225 346 2277 ἐς
369 2223 492 2271 τοῦτό
527 2236 632 2283 σφεα
657 2225 953 2288 προηγάγοντο.
989 2224 1167 2286 μεγάλα
1190 2222 1273 2287 γοὶρ
1296 2224 1495 2287 πρῆγμα·

146 2307 176 2329 “
199 2319 258 2347 τα
287 2301 508 2364 μεγάλοισι
539 2299 747 2347 κινδύνοισι
788 2300 918 2348 ἐθέλει
961 2299 1274 2363 καταιρέεσθαι.
1342 2301 1494 2362 ςΗμεῖς

149 2383 178 2405 “
201 2377 342 2433 τοίνυν,
369 2376 614 2441 ὁμοιεύμενοι
637 2377 807 2433 κείνοισι,
841 2377 933 2440 ὥρην
955 2395 1000 2424 τε
1032 2380 1107 2423 τοῦ
1138 2376 1242 2429 ἔτεος
1268 2375 1494 2430 καλλίστην

150 2461 177 2483 ⁶⁶
199 2454 474 2517 πορευόμεθα,
498 2454 575 2502 καὶ
596 2454 989 2518 καταστρεψάμενοι
1027 2454 1168 2500 πᾶσαν
1190 2453 1258 2506 τὴν
1283 2453 1491 2515 Εὐρώπην,

150 2536 179 2560 “
205 2532 439 2594 νοστησομεν
464 2531 604 2587 ὀπίσω,
630 2531 720 2579 οὔτε
745 2533 856 2594 λιμῷ
891 2530 1119 2591 ἐντυχόντες
1153 2529 1376 2592 οὐδαμόθι,
1403 2528 1493 2576 οὔτε

65 2616 127 2656 25
152 2615 181 2636 “
205 2607 312 2655 οἵλλο
336 2608 464 2672 οἴχαρι
489 2608 696 2662 παθόντες
719 2607 841 2655 οὐδέν.
873 2612 995 2656 τοῦτο
1018 2606 1090 2670 μὲν
1113 2605 1209 2671 γὰρ,
1244 2605 1362 2654 αὐτοὶ
1392 2615 1493 2653 πολ-

152 2691 180 2714 ‘⁶
200 2684 271 2740 λῆν
295 2683 437 2750 φορὲἢν
466 2685 665 2750 φερόμενοι
700 2684 976 2750 πορευόμεθα·
1006 2688 1128 2733 τοῦτο
1160 2683 1213 2740 δέ,
1245 2688 1319 2731 τῶν
1348 2683 1396 2730 οἵν
1418 2702 1493 2729 κου
