1836 3156
119 913 286 963 Thessaliae

116 963 203 987 Sltus.

240 956 313 988 Pla-

346 167 435 213 176
785 155 1267 206 HERODOTI

339 291 584 339 ἐπυνθάνετο
607 289 716 336 εἷναι.
752 291 802 343 ὦς
827 289 865 336 δὲ
889 288 1135 350 ἐπεθύμησε,
1177 286 1252 333 καὶ
1274 284 1401 333 ἐποίεε
1425 287 1578 330 ταῦτα.
1613 283 1674 329 ἐσ-

340 366 417 420 ἓας
457 369 493 419 ἐς
544 365 725 420 Σιδωνίην
765 366 844 421 νέα,
898 367 934 417 ἐς
980 365 1047 418 την
1084 382 1155 426 περ
1187 360 1357 409 ἐσέζαινε
1394 359 1472 407 aie?
1505 358 1604 412 ὅκως
1633 377 1674 405 τι
1704 365 1765 404 10

339 444 470 490 ἐθέλοι
494 447 652 489 τοιοῦτο
687 447 865 498 ποιῆσαι,
898 442 1045 496 ἀνέδεξε
1083 441 1244 502 σημηϊον
1280 438 1356 485 καὶ
1390 443 1489 484 τοῖσι
1515 437 1676 483 ἄλλοισι

338 520 586 579 ἀνοίγεσθαι,
631 520 875 566 καταλιπων
909 521 1039 565 αὐτοῦ
1086 517 1151 564 τόν
1197 515 1318 579 πεζὸν
1353 516 1535 579 στρατόν.
1592 514 1678 561 ἐπεὶ

339 595 377 642 δέ
434 596 621 651 ἀπίκετο,
661 596 736 642 καὶ
767 597 966 650 ἐθεῇσατο
1003 594 1152 658 Ξέρξης
1184 593 1251 646 τὴν
1286 591 1449 646 ἐκζολῆν
1484 596 1558 638 τοῦ
1590 593 1679 645 Πη-

339 677 448 727 νειοῦ,
481 674 516 719 ἐν
563 673 762 737 θώυματι
806 674 981 736 μεγάλῳ
1028 671 1221 730 ἐνέσχετο.
1279 670 1461 722 καλέσας
1499 667 1538 715 δέ
1583 667 1678 720 τούς

338 749 625 812 κατηγεμόνας
647 754 718 804 τῆς
743 750 847 805 ὁδοῦ,
866 754 981 813 εἴρετο
1007 750 1038 795 ει’
1071 746 1136 794 τὸν
1160 746 1349 809 ποταμόν
1373 747 1456 793 ἐστι
1481 744 1680 809 παρατρέ-
1710 750 1769 791 15

338 827 504 886 ψαντα,
533 826 636 889 ἑτέρη
660 828 696 878 ἐς
719 827 944 873 θάλασσαν
969 826 1202 884 ἐξαγαγεῖν.

405 919 571 950 CXXIX.
642 902 726 956 Την
749 902 789 949 δὲ
816 902 1046 955 Θεσσαλίην
1064 900 1187 960 λόγος
1211 901 1293 946 ἐστι
1312 898 1360 946 τδ
1379 897 1558 946 παλαιόν
1587 899 1681 946 εἶναι

117 1000 208 1029 nities
223 999 291 1039 ejus
338 980 489 1043 λίμνην,
514 979 613 1026 ὥστε
637 998 685 1040 γε
709 977 1071 1040 συγκεκληισμένην
1105 978 1308 1023 πάντοθεν
1343 975 1585 1039 ὑπερμηκεσι
1620 973 1684 1020 οὔ-

117 1042 193 1072 olim
208 1042 295 1084 aquis

116 1095 225 1116 mersa.

340 1075 432 1120 ρεσι.
468 1055 524 1103 τοὶ
548 1055 618 1119 μὲν
658 1054 740 1119 γαρ
774 1056 902 1109 αὐτῆς
940 1053 1036 1118 πρὸς
1067 1053 1134 1107 την
1168 1055 1222 1107 ἠῶ
1248 1052 1409 1112 ἔχοντα,
1438 1051 1485 1098 τό
1517 1070 1559 1098 τε
1596 1052 1684 1105 Πη-

341 1142 423 1180 λιον
446 1132 555 1196 οὖρος
576 1131 651 1178 καὶ
673 1134 695 1186 ἦ
716 1133 864 1178 ’Όσσα
887 1129 1102 1193 ἀποκλῄει,
1139 1129 1434 1192 συμμίσγοντα
1464 1126 1542 1180 τοὶς
1577 1127 1686 1174 ὑπωι

341 1209 446 1273 ρείας
469 1210 698 1263 ἀλλήλοισι·
733 1207 790 1254 τοὶ
816 1207 854 1254 δὲ
878 1205 974 1270 πρὸς
997 1206 1120 1270 βορέω
1144 1205 1305 1267 ἀνέμου,
1335 1203 1588 1266 Οὔλυμπος·
1626 1203 1683 1250 τοὶ
1742 1209 1772 1249 5
1833 1258 1836 1259 ⁷

344 1283 384 1330 δὲ
408 1282 503 1347 πρός
526 1284 700 1347 ἑσπέρην,
739 1283 899 1335 Πίνδος·
935 1281 993 1328 τοὶ
1030 1281 1069 1328 δέ
1110 1281 1205 1345 πρὸς
1239 1278 1491 1344 μεσαμζρίην
1531 1298 1575 1327 τε
1611 1279 1687 1326 καὶ

345 1360 487 1422 ἄνεμον
510 1360 628 1416 νότον,
652 1361 875 1422 ἦ”Οθρυς·
907 1357 956 1405 τό
977 1358 1095 1421 μέσον
1128 1357 1166 1405 δὲ
1201 1357 1368 1403 τουτέων
1397 1361 1471 1403 τῶν
1516 1357 1688 1417 λεχθέν-

345 1455 420 1482 των
444 1436 576 1498 οὐρέων
598 1437 620 1490 ἡ
646 1435 860 1489 Θεσσαλίη
897 1433 993 1490 ἐστὶ,
1026 1435 1147 1481 ἐοῦσα
1178 1433 1312 1487 κοίλη.
1349 1433 1449 1480 ὥστε
1480 1432 1528 1478 ῶν
1555 1452 1688 1482 ποτα-

345 1517 428 1575 μῶν
453 1514 490 1565 ἐς
513 1512 637 1565 αὐτην
660 1511 735 1558 καὶ
757 1512 892 1558 ἄλλων
916 1515 1066 1571 συχνῶν
1091 1509 1382 1568 ἐσὲαλλόντων,
1406 1510 1521 1556 πέντε
1546 1509 1585 1556 δὲ
1613 1514 1688 1556 τῶν

351 1589 522 1651 δοκίμων
568 1590 760 1652 μάλιστα
795 1589 925 1643 τῶνδε,
979 1591 1159 1643 Πηνειοῦ,
1204 1587 1279 1634 καὶ
1326 1587 1583 1644 Ἀπιδανοῦ,
1615 1586 1690 1633 καὶ
1719 1594 1778 1633 10

349 1667 598 1726 Ὀνοχώνου,
635 1665 709 1712 καὶ
742 1666 940 1720 Ἐνιπέος,
977 1663 1052 1710 καὶ
1089 1663 1304 1725 Παμίσου·
1341 1664 1381 1709 οἱ
1398 1662 1469 1725 μέν
1488 1681 1549 1708 νυν
1573 1663 1611 1714 ἐς
1643 1661 1692 1709 τό

350 1744 481 1790 πεδίον
504 1747 624 1790 τοῦτο
649 1742 934 1804 συλλεγόμενοι
960 1743 1003 1789 ἐκ
1038 1745 1111 1787 τῶν
1135 1740 1266 1803 οὐρέων
1289 1744 1364 1786 τῶν
1391 1738 1691 1802 περικληιόντων

350 1819 418 1873 τὴν
456 1819 686 1873 Θεσσαλίην
721 1818 1047 1882 οὐνομαζόμενοι,
1085 1818 1132 1864 δι’
1171 1816 1248 1870 ἐνὸς
1280 1818 1467 1871 αὐλῶνος,
1490 1815 1566 1862 καὶ
1599 1816 1691 1862 τού-

350 1915 424 1942 του
471 1901 634 1951 στεινοῦ,
687 1895 812 1959 ἔκροον
848 1895 984 1955 ’έχουσι
1020 1896 1057 1948 ἐς
1091 1895 1329 1949 θάλασσαν,
1363 1893 1693 1956 προσυμμίσγον-

351 1991 416 2025 τες
449 1971 497 2019 τό
524 1973 623 2036 ὕδωρ
661 1973 809 2024 πάντες
843 1973 879 2025 ἐς
906 1971 1049 2018 τώυτό·
1084 1970 1203 2017 ἐπεοὶν
1236 1970 1275 2017 δὲ
1299 1969 1591 2032 συμμιχθέωσι
1615 1969 1691 2015 τοί-
1721 1976 1778 2015 15

351 2067 497 2109 χιστα,
521 2050 698 2096 ἐνθεῦτεν
721 2048 789 2102 ἤδη
830 2047 851 2093 ὁ
890 2046 1053 2101 Πηνειος
1089 2050 1145 2109 τῶ
1169 2045 1363 2108 οὐνόματι
1386 2044 1691 2108 κατακρατέων,

353 2125 578 2188 ἀνωνύμους
599 2124 694 2177 τούς
716 2125 870 2177 ἄλλους
894 2123 989 2170 εἶναι
1018 2123 1153 2169 ποιέει.
1224 2121 1288 2168 Τὰ
1312 2122 1351 2168 δέ
1375 2120 1554 2168 παλαιδν
1577 2121 1693 2181 λέγε-

353 2221 438 2257 ται,
464 2203 538 2248 οὐκ
562 2201 688 2254 ἐόντος
709 2221 766 2247 κω
789 2205 863 2247 τοῦ
886 2202 1059 2253 αὐλῶνος
1081 2199 1156 2246 καὶ
1192 2198 1362 2262 διεκρόου
1399 2198 1560 2253 τούτου,
1599 2196 1694 2250 τούς

354 2277 572 2341 ποταμοῦς
594 2278 779 2335 τούτους,
802 2276 878 2324 καὶ
899 2275 996 2341 πρὸς
1025 2282 1124 2323 τοῖσι
1157 2280 1380 2338 ποταμοῖσι
1415 2274 1592 2321 τούτοισι
1626 2274 1694 2327 τὴν

356 2354 555 2409 Βοιὲηΐδα
588 2355 741 2418 λίμνην,
779 2353 868 2402 οὔτε
909 2354 1214 2416 οὐνομάζεσθαι
1238 2353 1355 2398 κατά
1389 2369 1460 2414 περ
1495 2355 1569 2405 νῦν,
1605 2349 1694 2414 ῥέειν
1719 2357 1782 2397 20

355 2450 398 2478 τε
423 2431 529 2479 οὐδὲν
552 2431 699 2485 ἕσσονῆ
724 2435 799 2477 νῦν·
837 2429 993 2494 ῥέοντας
1017 2429 1070 2485 δέ,
1095 2429 1233 2475 ποιέειν
1256 2427 1324 2481 τὴν
1354 2426 1585 2480 Θεσσαλίην
1609 2427 1693 2472 ποῖ-

357 2526 430 2554 σαν
461 2508 661 2569 πέλαγος.
697 2506 816 2554 αὐτοὶ
842 2507 913 2569 μέν
949 2526 1008 2553 νυν
1048 2505 1263 2553 Θεσσαλοί
1304 2516 1405 2563 φασι
1443 2502 1693 2549 Ποσειδέωνα

357 2588 521 2637 ποιῆσαι
545 2584 611 2631 τόν
646 2586 822 2640 αὐλῶνα,
854 2584 901 2630 δι’
941 2581 989 2631 οὐ
1011 2583 1080 2647 ῥέει
1117 2582 1138 2627 ὁ
1174 2580 1347 2636 Πηνειὸς,
1381 2580 1523 2626 οἰκότα
1557 2580 1694 2639 λέγον·

356 2679 430 2713 τες.
466 2660 573 2714 ὅστις
610 2661 691 2726 γὰρ
727 2661 874 2724 νομίζει
907 2660 1156 2707 Ποσειδέωνα
1193 2658 1260 2712 τὴν
1296 2662 1368 2718 γῆν
1391 2658 1514 2712 σείειν,
1540 2656 1614 2702 καὶ
1637 2655 1695 2703 τοὶ

358 2737 572 2785 διεστεῶτα
596 2738 676 2786 ὑπὸ
699 2742 865 2801 σεισμοῦ
889 2742 962 2784 τοῦ
992 2740 1092 2784 θεοῦ
1125 2736 1271 2783 τούτου
1296 2735 1395 2799 ἔργα
1414 2734 1523 2791 εἶναι,
1549 2732 1624 2781 καὶ
1647 2734 1697 2781 οἶν
1721 2742 1781 2781 25
