1836 3156
270 136 293 166 2
879 128 1091 164 INDEX.

319 223 372 253 59.
404 219 569 251 insolentia
610 228 684 260 erga
713 217 962 256 Themistoclem,

319 264 381 294 viii.
396 268 445 295 61.
459 264 527 304 ejus
540 263 639 302 turpis
651 263 736 303 fuga.
749 261 812 291 viii.
830 265 880 292 9-4.

281 306 438 337 Admetus
455 305 584 336 Eumeli
598 311 692 344 pater,
709 305 740 335 11.
755 308 782 334 2.

281 349 436 379 Adrastus
453 349 559 388 Phryx
577 348 687 378 Gordii
697 348 784 381 filius,
795 357 890 387 nepos
897 347 961 377 Mi-

320 392 376 426 dae,
405 392 424 420 i.
446 394 498 422 55.
516 393 566 421 45.
582 390 684 420 fratris
698 391 906 429 interemptor,
923 390 964 420 ib.

320 445 338 464 a
356 435 461 465 Croeso
475 433 624 473 expiatus,
639 433 658 462 i.
673 437 724 463 δῖ.
748 432 776 462 ei
790 432 963 463 custodiam

320 476 375 506 filii
390 477 438 506 sui
452 476 491 506 ad
506 476 701 506 venationem
717 476 858 506 exeuntis
872 486 961 505 man-

318 519 371 549 dat
390 520 522 554 Croaeus,
538 520 559 549 i.
573 522 622 549 41.
641 518 737 549 Croesi
751 518 850 548 filiuni
865 524 964 549 trans-

317 562 405 598 fodit,
422 572 535 601 aprum
548 561 655 592 volens
668 561 860 601 transfigere,
875 561 895 591 i.
910 565 961 592 43.

318 615 385 635 sese
399 615 493 644 super
506 606 636 635 bustum
651 605 745 644 Atyis
757 603 931 640 transfodit,
942 604 964 635 i.

277 690 440 725 Adrastus
460 690 551 721 Talai
575 689 665 726 filius,
685 689 825 729 Sicyonis
850 699 912 726 rex,
929 700 960 720 v.

317 737 370 765 67.
383 739 471 773 pater
481 732 625 774 AEgialei,
638 744 666 763 v,
679 736 729 763 68.
739 733 773 762 in
790 731 963 762 Adrastum

319 776 487 807 Clisthenis
513 775 650 816 Sicyonii
673 774 790 809 odium,
807 786 834 804 v.
858 779 909 806 67.
933 775 963 804 ei

315 820 449 850 honores
463 826 495 849 et
508 819 574 849 dies
596 818 666 848 festi
688 818 794 856 erepti,
810 824 841 847 et
856 817 961 848 Mela-

317 862 414 901 nippo
428 861 542 895 traditi,
560 861 633 891 ibid.

277 904 384 941 Adria,
400 915 428 934 v.
446 909 473 936 9.
489 914 507 934 a
524 902 766 934 Phocaeensibus
788 908 917 938 ostensa,
942 902 964 933 i.

317 952 329 978 l
338 952 386 978 65.

276 989 518 1030 Adyrmachidae
543 989 669 1029 Libyes,
699 988 877 1028 AEgyptum
896 997 963 1017 ver-

316 1044 377 1068 sus,
393 1033 433 1063 iv.
447 1036 516 1063 168.
527 1042 637 1063 eorum
648 1041 757 1066 mores
772 1037 803 1061 et
817 1040 961 1068 uxorum,

313 1075 388 1106 ibid.

277 1118 341 1149 AEa
359 1118 492 1154 Colchis,
508 1117 559 1147 vii.
578 1120 646 1149 195.
664 1119 734 1148 197.

276 1161 390 1191 AEaces
417 1160 590 1201 Sylosontis
611 1166 642 1190 et
668 1158 841 1199 Polycratis
863 1165 962 1198 pater,

313 1203 356 1234 iii.
378 1208 447 1235 139.
461 1203 499 1234 vi.
518 1207 568 1234 13.

274 1246 389 1278 AEaces
405 1247 537 1282 Samius,
555 1247 593 1275 iv.
612 1248 681 1275 158.

274 1289 395 1326 AEaces,
423 1288 595 1329 Sylosontis
618 1288 661 1319 fil.
694 1287 778 1318 Sami
800 1293 961 1328 tyrannuS,

315 1334 354 1362 ab
372 1333 555 1372 Aristagora
579 1337 694 1361 exutus
718 1330 894 1370 tyrannide,
918 1330 959 1360 vi.

318 1379 367 1407 15.
402 1376 523 1406 Samios
548 1374 587 1404 ad
611 1373 817 1404 defectionem
841 1383 859 1402 a
873 1372 964 1403 sociis

316 1418 457 1455 solicitat,
479 1417 552 1448 ibid.
597 1417 728 1447 Samum
750 1416 906 1452 reductus
923 1416 962 1446 vi.

313 1466 364 1493 25.

274 1505 395 1536 AEacus
409 1510 440 1534 et
457 1503 584 1543 AEgina,
602 1502 640 1532 vi.
657 1505 710 1533 55.

276 1547 397 1579 AEacus
420 1552 451 1577 et
469 1546 609 1577 AEacidae
624 1556 643 1575 a
657 1545 753 1575 classe
778 1545 964 1575 Graecorum

314 1590 509 1624 invocantur,
525 1589 588 1619 viii.
604 1592 654 1619 64.
693 1588 783 1618 AEaci
799 1587 918 1623 fanum,
934 1597 964 1617 v.

315 1639 368 1665 89.
402 1632 543 1663 AEacidae
558 1633 597 1662 ab
614 1630 777 1672 AEgineds,
805 1630 964 1660 Thebanis

314 1677 410 1711 missi,
425 1686 453 1705 v.
467 1679 518 1705 80.
535 1674 596 1704 viii.
615 1678 663 1704 84.

273 1719 374 1750 AEdes
385 1718 519 1748 Veneris
533 1718 566 1747 in
592 1718 696 1757 Cypro
710 1715 796 1746 unde
810 1721 960 1751 extructa,

313 1762 333 1792 i.
365 1764 436 1792 105.
474 1761 637 1795 blinervae,
666 1759 728 1789 viii.
749 1763 800 1789 59.
847 1759 962 1794 Protei,

314 1804 396 1834 dicta
413 1803 546 1834 Veneris
559 1802 698 1842 hospitae,
716 1801 747 1831 ii.
766 1805 835 1831 112.
879 1801 961 1831 Vul-

313 1847 396 1884 cani,
422 1846 454 1876 ii.
485 1850 552 1876 110.
581 1845 713 1875 deorum
738 1851 768 1874 et
794 1843 962 1874 hominum

312 1890 435 1930 ligneae,
462 1889 502 1919 iv.
530 1892 599 1919 108.
619 1887 754 1918 fulmine
775 1887 959 1925 absumptae,

314 1932 353 1963 iv.
370 1936 418 1964 79.

274 1975 413 2006 AEdificij
429 1980 592 2010 structura,
617 1973 651 2003 in
672 1983 736 2014 quo
761 1971 903 2012 repositae
928 1982 960 2002 e-

267 2048 277 2060 (
313 2024 384 2048 rant
397 2018 491 2058 regiae
505 2016 655 2057 pecuniae,
668 2017 699 2045 ii.
717 2019 786 2046 121.

274 2061 422 2091 AEdificio
434 2071 471 2090 ex
487 2061 564 2090 urbe
577 2059 787 2098 Elephantina
801 2057 959 2089 afferendo

312 2103 484 2133 triennium
509 2108 740 2141 consumptum,
767 2102 800 2131 ii.
832 2104 899 2132 175.
927 2107 960 2131 et

313 2147 381 2186 ejus
396 2157 433 2176 ex
449 2145 548 2175 solido
563 2155 638 2175 saxo
653 2144 828 2184 descriptio,
843 2143 915 2175 ibid.
931 2150 960 2174 et

311 2201 342 2220 SC
364 2211 371 2218 .

272 2202 458 2263 AEdiiicium
472 2231 629 2262 Zalmoxis
643 2230 707 2260 sive
720 2229 878 2261 Zamolxis
886 2231 958 2260 sub-

311 2281 498 2309 terraneum,
514 2274 551 2304 iv,
570 2276 619 2305 95.

274 2317 422 2348 AEdificia
443 2317 590 2347 humanis
613 2316 758 2356 operibus
782 2317 908 2357 majora,
929 2315 961 2346 ii.

315 2364 386 2390 148.

274 2403 360 2444 AEga
374 2404 455 2437 urbs,
471 2402 521 2432 vii.
539 2406 609 2432 122.

273 2447 368 2486 AEgae
394 2456 459 2476 una
483 2456 520 2475 ex
549 2445 688 2485 partibus
716 2444 916 2503 Achaeoruff,
938 2444 959 2475 i.

316 2492 386 2520 145.

271 2532 392 2572 AEgaeae
407 2531 513 2561 civitas
528 2531 668 2566 AEolum,
682 2530 703 2561 i.
720 2534 789 2562 149.

271 2575 422 2615 AEgaeum
435 2584 529 2610 mare,
546 2574 584 2604 iv.
599 2578 650 2604 85.

271 2618 425 2657 AEgaleus
449 2627 551 2648 monS.
577 2617 662 2646 unde
679 2616 801 2646 Xerxes
815 2615 957 2646 navalem

313 2670 453 2700 pugnam
467 2661 631 2699 spectabat,
647 2659 709 2689 viii.
725 2664 774 2690 90.

271 2702 517 2742 AEgestanorum
548 2712 657 2742 pugna
689 2712 763 2732 cum
799 2701 957 2741 Spartanis

310 2745 449 2780 ducibus,
466 2755 494 2774 v.
510 2750 561 2776 46.

268 2787 391 2828 AEgeus
408 2787 580 2817 Pandionis
593 2787 676 2818 filius
687 2786 813 2828 Lycum
824 2788 952 2819 fratrem

312 2829 444 2860 Athenis
460 2829 554 2869 pellit,
571 2831 589 2860 i.
609 2834 678 2861 173.

1010 215 1214 257 AEgialenses,
1231 217 1330 249 tribus
1346 218 1498 260 Sicyonia,
1514 221 1553 251 ab
1569 221 1697 263 AEgialo

1053 259 1181 290 Adrasti
1195 259 1267 296 filio,
1283 272 1313 292 v.
1331 266 1382 293 68.

1010 302 1170 342 AEgialees
1185 302 1318 344 Pelasgi,
1333 304 1384 334 vii.
1401 308 1450 336 93.

1007 345 1171 385 IEgicores
1188 345 1274 375 Iouis
1287 346 1422 382 filiusyv.
1442 352 1493 379 66.

1006 386 1133 427 AEgidae
1147 388 1181 416 in
1198 388 1307 427 Sparta
1320 389 1433 430 ingens
1456 391 1563 427 tribus,
1589 402 1608 421 a
1630 403 1694 433 quo

1049 429 1139 465 dicta,
1154 430 1194 460 iv.
1211 434 1280 462 149.

1007 472 1124 513 AEgila,
1140 473 1203 503 sive.
1221 473 1338 514 AEgile,
1353 474 1442 505 locus
1461 476 1501 506 ad
1515 487 1609 516 quem
1626 477 1694 507 Na.

1048 525 1190 547 samones
1205 518 1338 547 veniunt
1359 523 1397 547 ut
1420 518 1574 558 palmulas
1589 519 1694 551 decer-

1047 564 1132 598 pant,
1148 558 1188 589 iv.
1206 562 1276 590 172.
1294 563 1364 589 182.

1007 600 1142 642 AEgilea,
1160 602 1340 642 Styreorum
1355 602 1467 639 insula,
1482 603 1522 634 vi.
1540 608 1608 635 107.

1006 644 1127 684 AEgilia
1141 644 1221 674 circa
1236 645 1401 681 Eretriam,
1418 646 1457 676 vi.
1482 650 1551 678 101.

1007 687 1128 727 AEgina
1142 694 1173 717 et
1190 688 1318 721 AEacus.
1330 688 1370 718 vi.
1386 691 1438 719 55.

1006 730 1126 770 AEgina
1140 736 1171 760 et
1186 730 1302 766 Thebe,
1327 741 1454 767 sorores,
1482 731 1553 762 filiae
1583 732 1692 773 Asopi,

1047 783 1077 802 v.
1091 777 1142 803 80.

1008 815 1167 855 AEginetae
1195 826 1252 845 cur
1283 815 1394 846 Samiis
1422 816 1543 854 infensi,
1574 818 1616 848 iii.
1643 823 1698 851 59.

1052 858 1171 888 Samios
1187 865 1223 888 ut
1238 859 1427 895 mulctarint,
1443 860 1517 890 ibid.
1552 861 1692 900 Epidau-

1049 901 1101 930 riis
1129 901 1288 941 quondam
1315 902 1438 938 subditi,
1462 907 1564 938 v.,85.
1584 914 1693 934 eorum

1048 943 1082 972 in
1115 943 1322 974 Athenienses
1346 944 1410 974 odii
1436 945 1632 985 principium,
1665 959 1697 978 v.

1050 990 1100 1018 89.
1116 992 1229 1016 terram
1255 993 1285 1017 et
1311 997 1426 1028 aquam
1442 988 1542 1018 Dario
1556 990 1638 1025 dant,
1656 991 1697 1020 vi.

1049 1032 1098 1060 49.
1122 1029 1207 1059 unde
1229 1029 1366 1060 infensos
1379 1031 1495 1060 habent
1519 1032 1693 1062 Athenien-

1050 1082 1105 1106 ses,
1133 1077 1164 1102 et
1188 1072 1273 1111 apud
1296 1073 1440 1111 Spartam
1463 1073 1695 1112 insimulantur,

1049 1114 1120 1144 ibid.
1136 1121 1305 1155 contraque
1320 1115 1387 1155 ejus
1401 1116 1446 1146 rei
1469 1123 1592 1147 autores
1618 1119 1692 1148 mit-

1048 1157 1125 1187 titur
1141 1157 1332 1193 Cleomenes,
1348 1158 1387 1188 vi.
1411 1162 1461 1191 50.
1482 1159 1632 1198 primores
1646 1161 1694 1201 ip-

1048 1210 1155 1230 sorum
1169 1200 1285 1230 dantur
1299 1201 1422 1231 obsides
1438 1202 1694 1241 Atheniensibus,

1048 1242 1087 1272 vi.
1110 1246 1160 1273 75.
1183 1253 1291 1273 eorum
1306 1253 1380 1273 cum
1396 1245 1640 1276 Atheniensibus
1654 1247 1695 1278 si-

1048 1285 1203 1322 multates,
1234 1296 1262 1315 v.
1293 1290 1343 1316 82.
1375 1287 1524 1328 undeque
1551 1294 1634 1325 ortae,
1666 1300 1696 1321 v.
1740 1309 1742 1311 v

1047 1331 1099 1359 82.
1122 1332 1170 1358 85.
1185 1335 1242 1359 etc.
1263 1330 1302 1359 ab
1315 1328 1353 1359 iis
1378 1328 1473 1360 fflatae
1490 1331 1693 1363 Atheniensi-

1047 1372 1107 1402 bus
1121 1371 1251 1411 injuriae,
1265 1372 1304 1402 vi.
1319 1376 1370 1403 87.
1413 1373 1529 1404 auxilia
1544 1382 1696 1415 rogantur

1048 1425 1067 1444 a
1095 1414 1253 1444 Thebanis
1275 1421 1384 1445 contra
1414 1417 1631 1455 Athenienses,
1666 1429 1695 1450 v.

1048 1461 1089 1488 80
1127 1461 1176 1487 81.
1219 1459 1258 1487 ab
1280 1458 1318 1488 iis
1342 1463 1452 1488 statuae
1477 1460 1616 1499 repetitae
1640 1472 1697 1501 per

1051 1500 1267 1536 Athenienses,
1284 1511 1312 1531 v.
1326 1504 1379 1531 84.
1393 1501 1473 1532 circa
1486 1502 1651 1543 AEginetas
1666 1511 1698 1536 et

1051 1543 1259 1573 Athenienses
1273 1550 1350 1579 acta,
1365 1544 1440 1574 ibid.
1459 1552 1486 1575 et
1502 1557 1562 1586 seq.
1588 1556 1697 1578 eorum

1047 1585 1143 1626 legati
1157 1592 1264 1615 contra
1287 1586 1525 1626 Leutychidem,
1554 1589 1698 1628 Spartam

1047 1629 1141 1664 missi,
1156 1628 1195 1658 vi.
1218 1632 1267 1659 85.
1280 1639 1390 1659 eorum
1404 1630 1572 1669 piaculum,
1597 1633 1696 1663 maxi-

1048 1681 1175 1701 morum
1201 1671 1244 1701 eis
1270 1671 1428 1702 malorum
1453 1683 1554 1710 causa,
1583 1676 1622 1705 vi.
1647 1680 1700 1708 91.

1047 1716 1086 1744 ab
1113 1714 1357 1745 Atheniensibus
1372 1715 1475 1746 navali
1489 1716 1597 1756 proelio
1611 1718 1696 1758 victi,

1048 1757 1088 1787 vi.
1129 1761 1179 1788 92.
1221 1758 1469 1796 praestantissimi
1514 1760 1548 1789 in
1588 1771 1699 1802 pugna

1048 1800 1150 1829 navali
1164 1806 1271 1830 contra
1286 1801 1424 1835 Persam,
1437 1801 1498 1832 alii.
1515 1806 1563 1833 95.
1585 1813 1699 1835 aureas

1047 1842 1152 1872 stellas
1176 1849 1238 1872 tres
1264 1854 1334 1883 quae
1355 1854 1449 1883 super
1472 1845 1594 1875 malum
1609 1848 1696 1878 navis

1047 1896 1163 1916 aereum
1178 1892 1252 1915 sunt
1269 1886 1402 1925 Delphis
1417 1887 1609 1925 dedicarunt,
1632 1890 1696 1921 viii.

1050 1932 1119 1960 122.
1137 1928 1222 1958 unde
1243 1929 1281 1959 iis
1303 1929 1481 1960 divitiarum
1495 1931 1694 1971 principium,

1044 1971 1086 2001 ix.
1113 1974 1162 2003 79.
1182 1970 1219 2001 iis
1244 1971 1389 2002 tumulus
1415 1972 1555 2013 ipsorum
1580 1982 1693 2016 rogatu

1045 2020 1188 2050 structus,
1205 2026 1224 2045 a
1239 2026 1310 2056 quo,
1328 2021 1359 2045 et
1373 2025 1436 2053 cur,
1454 2022 1485 2046 et
1498 2017 1633 2058 quando,
1649 2019 1689 2048 ix.

1045 2061 1096 2087 84.

1004 2100 1222 2141 AEgineticum
1246 2100 1366 2131 bellum
1390 2111 1464 2132 cum
1491 2102 1692 2135 Atheniensi-

1044 2145 1110 2178 bus
1127 2144 1177 2173 vii.
1194 2147 1264 2174 144.

1004 2186 1125 2226 AEgion
1140 2187 1214 2216 urbs
1231 2187 1431 2224 Achaeorum,
1447 2188 1468 2218 i.
1493 2191 1563 2220 145.

1004 2229 1116 2269 AEgira
1130 2231 1204 2260 urbs
1220 2230 1420 2266 Achaeorum,
1440 2230 1459 2260 i.
1478 2234 1548 2262 145.

1005 2272 1192 2312 AEgiroiissa,
1210 2272 1342 2303 AEolum
1356 2273 1470 2309 civitas,
1485 2273 1506 2303 i.
1523 2278 1593 2306 149.

1003 2315 1097 2355 AEgis
1112 2316 1265 2345 Minervae
1280 2315 1374 2353 unde,
1390 2315 1429 2346 iv.
1450 2320 1523 2347 180.

1004 2358 1094 2398 AEgli
1107 2369 1178 2397 pop.
1192 2358 1234 2388 iii.
1247 2363 1297 2390 92.

1001 2401 1103 2440 AEgos
1127 2401 1255 2440 potami,
1279 2401 1321 2431 ix.
1346 2404 1418 2432 118.
1443 2402 1524 2432 circa
1540 2403 1691 2444 AEgrotos

1045 2443 1294 2484 Babyloniorum
1322 2443 1381 2480 lex,
1416 2445 1437 2474 i.
1467 2449 1536 2477 197.
1580 2448 1691 2487 aegroti

1043 2487 1128 2526 apud
1152 2486 1304 2527 quosdam
1331 2487 1429 2518 Indos
1451 2487 1562 2519 deserti
1585 2490 1618 2519 in
1634 2490 1689 2520 de-

1042 2535 1124 2560 serto
1137 2531 1261 2566 cubant,
1284 2529 1326 2560 iii.
1346 2534 1413 2561 100.
1436 2532 1521 2570 apud
1536 2533 1688 2572 quosdam

1044 2572 1142 2603 Indos
1176 2572 1406 2603 interficiuntur
1449 2580 1480 2604 et
1515 2575 1687 2605 comedun-

1041 2621 1105 2653 tur,
1134 2614 1177 2646 iii.
1201 2620 1250 2647 99.
1292 2626 1386 2656 super
1411 2622 1544 2657 aegrotos
1567 2618 1621 2658 qui
1646 2618 1687 2648 ad

1041 2668 1127 2688 aram
1151 2664 1227 2688 sunt
1250 2658 1328 2689 cinis
1351 2669 1475 2699 sparsus
1487 2659 1522 2690 in
1538 2660 1631 2696 Delo,
1646 2660 1689 2691 iv.

1040 2704 1093 2732 55.

995 2744 1155 2784 AEgyptus
1169 2743 1203 2773 in
1217 2754 1274 2775 xu.
1298 2744 1456 2784 portiones
1476 2744 1630 2782 distincta,
1652 2745 1686 2777 ii.

1041 2791 1109 2817 147.

995 2829 1156 2869 AEgyptus
1170 2829 1309 2859 fluminis
1324 2830 1454 2865 donum,
1469 2830 1500 2860 ii.
1515 2833 1545 2861 5.

268 2872 400 2914 AEgeus,
429 2873 559 2921 Ololycil
576 2873 618 2904 fil.
641 2872 727 2904 unde
752 2872 887 2914 AEgidae,
914 2873 952 2904 iv.
997 2872 1131 2913 AEgypti
1160 2883 1215 2902 seu
1244 2873 1330 2912 AEgy
1353 2872 1440 2902 tiacae
1467 2873 1602 2913 regionis
1631 2883 1684 2904 na-

310 2919 380 2948 149.

945 2964 960 2992 1

1037 2922 1116 2951 tura,
1140 2914 1214 2945 ibid.
1239 2915 1307 2956 ejus
1344 2915 1506 2956 ongstudo,
1522 2915 1596 2947 ibid.
1619 2922 1683 2947 tota
