1805 3151
114 453 216 494 Igitur
226 451 309 492 quod

114 496 169 527 Dii
185 506 276 534 expe-

110 539 259 569 ditionem

109 581 286 611 viderentur

106 625 268 663 imperare,

110 667 238 700 Xemes,
249 667 309 696 Ar-

108 711 220 740 tabano
241 709 308 749 jam

108 758 302 787 assentlente,

108 802 144 825 ut
158 794 276 824 bellum

108 843 279 877 apparetur,

109 880 171 910 suis
187 879 287 911 edicit⁴

113 2217 254 2249 Tertium

113 2261 227 2292 Xerxis

110 2305 278 2334 somnium.

113 2347 193 2387 Ejus
216 2348 308 2378 inter-

110 2391 242 2428 pretatio
257 2401 275 2420 a

111 2433 210 2472 magis
221 2433 308 2470 facta,

111 2475 246 2515 indeque
256 2487 310 2506 na-

109 2518 310 2550 taPersarum

109 2570 187 2599 spes.

343 164 433 205 136
767 153 1253 204 HERODOTI

339 295 366 317 ‘⁶
389 291 486 336 θαι.
558 285 619 334 Ξέ
644 287 716 342 ’ξεα
750 286 789 334 δὲ
823 285 881 334 τοὶ
906 287 967 334 δεῖ
991 286 1308 340 ἀνηκουστέοντα
1343 284 1529 340 παθέειν,
1566 285 1681 347 αὐτῷ
1710 293 1767 333 10

341 372 371 394 “
395 364 522 426 ἐκείνω
546 363 808 418 δεδηλωται.”

402 457 544 488 XVIII.
615 441 772 488 Ταῦτά
794 459 838 488 τε
861 440 907 494 δὴ
931 439 1057 487 ἐδόκεε
1080 437 1345 502 Ἀρτάζανος
1384 437 1432 485 τὰ
1455 438 1586 502 ὄνειρον
1626 439 1673 485 ἀ-

337 518 514 573 πειλέειν,
536 515 611 563 καὶ
635 519 816 580 θερμοῖσι
839 517 1037 580 σιδηρίοισι
1054 516 1227 563 ἐκκαίειν
1246 517 1376 562 αὐτοῦ
1397 516 1558 579 μέλλειν
1582 513 1677 567 τοῦς

337 594 600 658 ὀφθαλμούς.
624 594 700 641 καὶ
715 594 767 650 ὃς,
792 593 995 657 ἀμὲώσας
1016 593 1146 656 μέγα,
1171 593 1437 656 ἀναθρώσκει,
1461 592 1537 639 καὶ
1559 611 1678 655 παρι-

336 671 496 736 ζόμενος
521 671 662 736 Ξέρξῃ,
696 673 747 724 ῶς
769 670 837 725 τὴν
861 671 958 731 ὅφιν
982 672 1021 717 οἱ
1039 674 1113 717 τοῦ
1137 669 1313 716 ἐνυπνίου
1351 670 1536 724 διεξῆλθε
1572 669 1678 722 ἀπη-

336 747 532 812 γεόμενος,
557 747 718 811 δεύτερά
741 749 781 794 οἱ
797 748 907 807 λέγει
931 747 1045 794 τάδε·
1083 752 1112 774 “
1135 745 1255 805 Ἐγῶ
1294 744 1378 808 μὲν,
1419 744 1448 791 ὦ
1484 747 1676 808 βασιλεῦ,
1733 752 1763 791 5

335 829 367 851 “
390 823 456 872 οἷα
479 824 690 887 α”νθρωπος
712 822 799 869 ι’δῶν
822 822 891 876 ἤδη
926 823 1068 869 πολλά
1102 841 1145 869 τε
1177 821 1253 868 καὶ
1291 822 1468 884 μεγάλα
1503 820 1681 867 πεσόντα

336 907 363 929 “
386 901 621 964 πρὴγματα
643 898 724 946 ὑπὸ
746 899 923 955 ἡσσόνων,
949 900 1023 946 οὐκ
1046 898 1111 945 ἐ’ων
1135 917 1176 946 σε
1211 897 1268 945 τοὶ
1291 899 1433 945 πάντα
1457 900 1510 961 τῇ
1545 896 1679 960 ἡλικίῃ

337 983 365 1005 “
389 981 514 1025 εἴκειν.
539 977 804 1039 ἐπιστάμενος
826 978 877 1029 ὦς
908 974 1037 1023 κακὸν
1069 980 1123 1030 εἴη
1145 974 1194 1022 τὸ
1228 979 1388 1022 πολλῶν
1425 973 1676 1037 ἐπιθυμέειν,

335 1060 361 1081 “
384 1053 628 1117 μεμνημένος
650 1052 721 1115 μὲν
744 1052 810 1099 τᾶν
834 1051 901 1100 ἐπὶ
937 1051 1241 1112 Μασσαγέτας
1279 1051 1412 1115 Κύρου
1448 1050 1589 1098 στόλον
1631 1052 1681 1103 ώς

337 1137 368 1158 “
392 1131 541 1194 ἔπρηξε,
567 1130 812 1193 μεμνημένος
834 1129 874 1177 δὲ
898 1130 973 1176 καὶ
995 1128 1061 1176 τδν
1086 1128 1147 1176 ἐπ’
1177 1128 1399 1181 Αἰθίοπας
1438 1133 1512 1175 τοῦ
1550 1130 1678 1190 Καμ-
1710 1134 1768 1173 10

336 1215 362 1236 “
388 1206 525 1263 ἓύσεω,
550 1206 911 1272 συστρατευόμενος
948 1206 987 1254 δὲ
1026 1205 1102 1253 καὶ
1140 1205 1303 1270 Δαρείῳ
1337 1205 1404 1252 ἐπὶ
1430 1204 1620 1258 Σκύθας·
1644 1205 1680 1251 ἐ-

336 1291 365 1312 “
388 1285 637 1347 πιστάμενος
671 1288 827 1339 ταῦτα,
864 1285 1021 1346 γνώμην
1055 1283 1176 1343 εἶχον,
1213 1282 1482 1345 ἀτρεμίζοντά
1517 1299 1559 1328 σε
1593 1299 1682 1344 μα-

337 1367 365 1388 “
387 1358 575 1422 καριστόν
599 1360 694 1406 εἶναι
719 1358 815 1422 προς
853 1359 1012 1405 πάντων
1053 1358 1282 1421 ἀνθρώπων.
1349 1356 1474 1405 Ἐπεὶ
1513 1356 1553 1404 δὲ
1592 1357 1681 1403 δαι-

336 1443 362 1464 “
384 1436 499 1498 μονιή
513 1455 574 1489 τις
597 1436 751 1496 γίνεται
777 1434 889 1498 ὁρμὴ,
912 1433 987 1482 καὶ
1002 1434 1227 1490 ”Ελ].ηνας,
1251 1436 1301 1487 ὦς
1324 1433 1438 1489 ἐὀικε,
1463 1434 1594 1497 φθορὴ
1617 1452 1679 1486 τις

334 1521 361 1541 “
383 1512 707 1577 καταλαμέάνει
731 1514 948 1568 θεὴλατος,
972 1511 1054 1572 ἐγα)
1078 1511 1150 1575 μὲν
1175 1511 1250 1559 καὶ
1285 1510 1410 1565 αὐτὸς
1447 1513 1678 1575 τράπομαι,
1710 1517 1769 1557 15
1783 1515 1788 1520 “

336 1597 361 1618 “
383 1589 459 1637 καὶ
480 1589 548 1644 τὴν
572 1591 729 1652 γνώμην
751 1589 1059 1652 μετατίθεμαι.
1130 1588 1193 1635 Σι)
1230 1588 1269 1635 δὲ
1293 1589 1457 1651 σὴμηνον
1480 1587 1551 1650 μὲν
1577 1587 1680 1652 Πέρ-

335 1674 361 1696 “
384 1686 471 1731 σησι
495 1666 553 1714 τοὶ
570 1668 617 1714 ἐκ
640 1671 714 1714 τοῦ
736 1668 836 1714 θεοῦ
858 1665 1121 1730 πεμπόμενα,
1145 1667 1329 1730 χρῆσθαι
1355 1664 1394 1711 δὲ
1417 1665 1552 1712 κέλευε
1576 1669 1678 1711 τοῖσι

335 1751 361 1773 “
384 1745 429 1791 ἐκ
453 1745 517 1791 σέο
540 1746 726 1808 πρώτοισι
762 1744 1061 1808 προειρημένοισι
1087 1744 1123 1796 ἐς
1158 1742 1226 1796 τὴν
1259 1743 1534 1806 παρασκευὴν·
1571 1741 1677 1789 ποίεε

336 1826 364 1847 “
388 1819 429 1867 δὲ
453 1820 574 1877 οὕτω,
609 1818 722 1876 ὅκως,
759 1824 833 1866 τοῦ
856 1821 956 1867 θεοῦ
990 1818 1297 1883 παραδιδόντος,
1323 1824 1397 1866 τῶν
1422 1822 1494 1865 σῶν
1519 1817 1678 1872 ἐνδεὴσει

333 1903 364 1925 “
387 1895 548 1959 μηδέν.”
620 1895 804 1943 Τουτέων
824 1895 863 1943 δὲ
885 1896 1125 1956 λεχθέντων,
1154 1897 1342 1944 ἐνθαῦτα
1367 1895 1608 1959 ἐπαρθέντες
1630 1897 1682 1958 τῇ
1706 1901 1770 1940 20

333 1971 444 2031 ὄψει,
484 1974 534 2025 ὡς
569 1971 689 2036 ἡμέρη
724 1971 876 2032 ἐγένετο
911 1973 1115 2032 τάχιστα,
1155 1971 1304 2036 Ξέρξης
1340 1989 1384 2018 τε
1417 1969 1682 2034 ὑπερετίθετο

332 2055 472 2098 ταῦτα
499 2050 689 2114 Πέρσῃσι·
723 2050 799 2098 καὶ
820 2049 1104 2115 Ἀρτάβανος,
1150 2050 1190 2103 ὃς
1214 2049 1393 2114 πρότερον
1417 2048 1681 2096 ἀποσπεύδων

333 2131 476 2191 μοῦνος
510 2127 705 2187 ἐφαίνετο,
742 2127 834 2174 τότε
859 2127 1103 2174 ἐπισπεύδων
1127 2125 1289 2191 φανερὸς
1310 2126 1369 2180 ἧν.

401 2219 506 2251 XIX.
574 2202 827 2267 ”Ωρμημένω
853 2202 892 2249 δὲ
919 2202 1047 2266 Ξέρξη
1072 2202 1397 2266 στρατηλατέειν,
1433 2199 1544 2264 μετοὶ
1578 2205 1681 2248 ταῦ-

333 2300 390 2327 τα
413 2280 526 2345 τρίτη
549 2279 648 2340 ὄψις
682 2280 717 2326 ἐν
750 2282 808 2341 τῷ
841 2279 952 2342 ὕπνῳ
987 2278 1153 2339 ἐγένετο,
1189 2278 1258 2332 τὴν
1293 2280 1332 2325 οἱ
1359 2279 1493 2341 μάγοι
1529 2277 1678 2342 ἔκριναν

335 2357 581 2410 ἀκούσαντες
606 2356 724 2420 φέρειν
747 2374 791 2403 τε
815 2355 881 2402 ἐπὶ
906 2356 1046 2402 πᾶσαν
1072 2358 1163 2415 γῆν,
1188 2354 1405 2401 δουλεύσειν
1440 2354 1484 2401 τέ
1520 2355 1560 2401 οἱ
1577 2354 1680 2400 πάν-

334 2452 412 2487 τας
435 2433 683 2497 ἀνθρώπους.
717 2433 739 2485 ἡ
765 2430 803 2478 δὲ
828 2431 927 2490 ὄψις
953 2430 997 2485 ἧν
1020 2431 1104 2485 ἥδε.
1141 2430 1267 2478 ἐδόκεε
1293 2430 1314 2476 ὁ
1337 2430 1488 2495 ’Ξέρξης
1511 2432 1681 2490 ἐστεφα-

334 2512 487 2557 νῶσθαι
523 2509 659 2564 ἐλαίης
693 2511 857 2571 θαλλῷ·
893 2507 980 2555 ἀπὸ
1021 2508 1061 2555 δὲ
1097 2510 1168 2562 τῆς
1205 2507 1341 2562 ἐλαίης
1376 2507 1470 2561 τούς
1500 2508 1680 2561 κλάδους
1736 2515 1764 2555 5

334 2591 406 2647 γῆν
429 2589 570 2634 πᾶσαν
595 2588 787 2646 ἐπισχεῖν·
811 2584 922 2649 μετοὶ
947 2585 1002 2641 δὲ,
1028 2585 1308 2644 ἀφανισθῆναι
1332 2585 1420 2649 περὶ
1442 2587 1494 2649 τῇ
1516 2588 1682 2649 κεφαλῇ

332 2664 504 2726 κειμενον
527 2663 593 2711 τᾶν
631 2663 834 2722 στέφανον.
905 2663 1124 2726 Κρινάντων
1164 2661 1203 2708 δὲ
1241 2662 1376 2725 ταύτῃ
1408 2666 1482 2708 τῶν
1514 2663 1676 2725 μάγων,

334 2742 509 2805 Περσέων
532 2760 575 2789 τε
599 2746 672 2788 τῶν
696 2740 1000 2800 συλλεχθέντων
1034 2740 1191 2788 αὐτίκα
1216 2740 1301 2792 πᾶς
1332 2739 1424 2803 ἀνὴρ
1458 2740 1496 2792 ἐς
1518 2738 1586 2792 τὴν
1609 2739 1678 2802 ἀρ·
