1836 3156
151 1134 351 1174 Incipitpug-

150 1188 189 1207 na
205 1177 243 1207 ad
262 1177 334 1207 Pla-

148 1227 222 1250 taeas
246 1220 347 1261 [men-

148 1274 180 1293 se
208 1265 346 1302 Septem-

149 1307 193 1335 bri
209 1318 235 1335 a.
252 1308 348 1349 479.].

150 1349 303 1379 Barbaro-

147 1402 217 1421 rum
234 1393 334 1422 omnis

148 1436 300 1465 exercitus

147 1478 185 1507 ad
224 1479 348 1509 Graecos

147 1521 333 1552 adoriendos

151 1564 294 1603 Asopum

149 1608 263 1643 transit,

150 1906 347 1938 Lacedaemo-

148 1952 199 1985 nii,
217 1952 255 1980 ab
276 1952 348 1982 hos·

148 2001 180 2023 te
194 1994 297 2032 pressi,

149 2037 324 2067 Athenien-

148 2090 195 2109 ses
209 2079 302 2112 advo.

150 2129 229 2153 caut.

380 167 474 208 ms
813 155 1284 203 HERODOTI

379 298 406 320 ‘⁶
430 288 606 351 Περσέων
629 287 836 350 ἀπείροισι,
860 286 995 340 πολλὴ
1029 286 1075 333 ’ἐκ
1110 305 1157 346 ’γε
1181 287 1278 349 ἐμεῦ
1301 286 1448 347 ἐγίνετο
1476 288 1712 350 συγγνώμη,

378 372 406 394 “
430 362 680 412 ἐπαινεόντων
702 363 883 419 τοὺτους,
910 364 1018 409 τοῖσί
1046 382 1085 409 τι
1122 361 1198 409 καὶ
1233 363 1457 425 συνῃδέατε·
1491 362 1715 427 Ἀρταξά-

379 448 408 471 “
433 442 507 504 ζου
532 440 572 488 δὲ
595 443 726 503 θῶμα
749 439 824 486 καῖ
845 441 1007 503 μᾶλλον
1031 439 1257 502 ἐποιεύμην,
1291 438 1339 486 τδ
1361 439 1435 486 καὶ
1458 438 1716 504 καταῤῥωδὴ-

378 525 405 546 “
428 536 498 564 σαι
541 515 907 578 Λακεδαιμονίους,
942 514 1316 580 καταῤῥωδὴσαντοί
1340 535 1398 572 τε,
1425 517 1714 572 ἀποδέξασθαι

381 599 411 621 “
434 594 591 657 γνώμην
615 592 858 648 δειλοτάτην,
882 594 933 645 ὦς
957 592 1067 656 χρεδν
1092 596 1145 646 εἴη
1176 591 1482 655 ἀναζεύξαντας
1513 592 1562 639 τὸ
1596 611 1718 657 στρα-

379 676 408 698 “
429 669 608 726 τόπεδον,
632 669 728 716 ἰέναι
752 670 789 722 ἐς
811 668 861 716 τδ
885 668 1078 723 Θηζαίων
1101 669 1208 716 οἵστυ
1233 669 1626 733 πολιορκησομένους·
1650 669 1719 724 τὴν

378 754 406 776 “
430 748 487 795 ἔτι
529 747 625 811 πρὸς
659 749 756 811 ἐμεῦ
795 747 994 811 βασιλεῦς
1033 747 1243 795 πευσεται.
1315 746 1404 794 Καὶ
1443 747 1609 794 τουτέων
1648 746 1719 809 μὲν

376 831 406 853 “
430 825 591 888 ἑτέρωθι
615 825 730 872 ἐ’σται
753 824 888 885 λόγος·
924 829 984 872 νῦν
1009 824 1048 871 δὲ
1084 826 1256 872 ἐκείνοισι
1280 829 1421 871 ταῦτα
1456 829 1610 872 ποιεῦσι
1641 826 1716 871 οὐκ

377 908 403 928 “
427 901 670 965 ἐπιτρεπτέα
693 900 792 957 ἐστὶ,
820 900 938 948 ἁλλοὶ
962 901 1139 948 διωκτέοι
1164 902 1251 958 εἰσί,
1278 903 1315 954 ές
1340 900 1360 948 ὃ
1383 900 1719 965 καταλαμφθέν-

1746 447 1803 486 15

1741 832 1805 870 ‘20

376 983 405 1004 “
429 995 494 1029 τες
534 977 700 1024 δώσουσι
734 979 824 1040 ἡμῖν
864 982 939 1024 τῶν
981 977 1027 1031 δὴ
1068 979 1255 1033 ἐποίησαν
1297 978 1460 1042 Πέρσας
1482 979 1640 1026 πάντων
1664 977 1720 1024 δί-
1771 1010 1776 1018 =

377 1058 404 1079 ‘⁶
426 1051 548 1105 κας.”
606 1094 609 1098 ,

441 1144 539 1176 LIX.
608 1132 767 1176 Ταῦτα
791 1134 922 1185 εἴπας,
958 1129 1031 1191 ἦγε
1062 1130 1158 1184 τούς
1195 1131 1357 1195 Πέρσας
1382 1131 1526 1195 δρόμῳ,
1552 1129 1717 1179 διαζών-

373 1225 451 1259 τας
475 1206 540 1253 τόν
574 1207 791 1264 Ἀσωπδν,
814 1206 935 1255 κατοὶ
957 1206 1094 1255 στίέον
1117 1213 1191 1255 τῶν
1213 1210 1428 1265 Ἑλλὴνων,
1464 1211 1514 1262 ώς
1545 1209 1590 1264 δὴ
1614 1210 1720 1256 ἀπο-

374 1284 659 1347 διδρησκόντων·
695 1285 827 1344 ἐπεῖχέ
851 1304 895 1332 τε
919 1284 986 1332 ἐπὶ
1012 1285 1366 1347 Λακεδαιμονίους
1387 1305 1431 1333 τε
1453 1285 1529 1333 καὶ
1564 1286 1718 1346 Τεγεή-

371 1384 449 1418 τας
479 1364 659 1427 μουνους·
692 1364 951 1417 Ἀθηναίους
987 1363 1068 1428 γὰρ
1103 1364 1378 1428 τραπομένους
1415 1365 1453 1417 ἐς
1488 1362 1535 1410 τδ
1571 1363 1718 1420 πεδίον,

372 1441 454 1488 ὑπὸ
475 1446 550 1487 τῶν
573 1441 710 1502 ὄχθων
744 1442 789 1487 οὐ
821 1442 1004 1505 κατώρα.
1077 1441 1238 1505 Πέρσας
1268 1440 1306 1488 δέ
1341 1441 1504 1506 ὁρέοντες
1538 1440 1720 1504 ὡρμημέ-

371 1538 456 1571 νους
481 1519 628 1566 διώκειν
651 1518 746 1571 τους
761 1518 973 1572 (Έλληνας
996 1520 1036 1565 οἱ
1053 1518 1189 1565 λοιποὶ
1212 1523 1286 1565 τῶν
1306 1516 1563 1582 βαρὲαρικῶν
1578 1517 1717 1565 τελέων

371 1594 574 1658 ἄρχοντες,
601 1595 760 1641 αὐτίκα
784 1596 933 1658 πάντες
956 1593 1049 1658 ἦραν
1074 1593 1131 1641 τοὶ
1166 1596 1333 1657 σημὴϊα,
1368 1593 1443 1641 καὶ
1479 1593 1634 1641 ἐδίωκον
1667 1595 1718 1646 ὦς

371 1671 500 1718 ποδῶν
534 1671 707 1724 ἕκαστος
741 1672 858 1732 εἶχον,
893 1671 983 1719 οὔτε
1007 1672 1149 1735 κόσμῳ
1173 1672 1293 1719 οὐδενὶ
1315 1672 1602 1735 κοσμηθέντες,
1628 1671 1719 1719 οὔτε

370 1749 479 1802 τάξι.
515 1748 591 1794 καὶ
621 1745 729 1795 οὗτοι
763 1747 835 1810 μὲν
869 1751 951 1812 βοῇ
985 1768 1028 1796 τε
1052 1748 1127 1795 καὶ
1151 1748 1282 1811 ὁμίλῳ
1313 1750 1492 1805 ἐπὴϊσαν,
1527 1750 1578 1801 ὦς
1600 1749 1718 1812 ἀναρ-

371 1825 590 1888 πασόμενοι
615 1824 709 1878 τους
725 1826 950 1878 ίΈλληνας.

438 1917 520 1947 Lx.
591 1902 830 1955 Παυσανίης
858 1901 912 1957 δὲ,
949 1903 1000 1955 ὦς
1033 1902 1262 1965 προσέκειτο
1297 1903 1319 1956 ἡ
1355 1902 1498 1960 ἵππος,
1532 1901 1718 1964 πέμψας

373 1978 468 2042 πρὸς
491 1978 584 2031 τοῦς
605 1978 864 2033 Ἀθηναίους
888 1979 1034 2034 ἱππέα,
1058 1979 1169 2039 λέγει
1192 1979 1305 2026 τάδε·
1340 1986 1367 2007 “
1387 1979 1556 2044 ”Ανδρες
1572 1980 1715 2034 Ἀθη-

375 2061 402 2082 “
427 2060 541 2112 ναῖοι,
566 2055 718 2115 ἀγῶνος
740 2055 941 2117 μεγίστου
965 2055 1237 2119 προκειμένου,
1265 2056 1468 2120 ἐλευθέρην
1492 2056 1587 2103 εἶναι
1611 2056 1633 2110 η’
1657 2056 1716 2103 δε-

374 2138 403 2159 “
427 2131 669 2194 δουλωμένην
704 2131 773 2185 τὴν
795 2131 1008 2187 Ἑλλάδα,
1035 2132 1318 2196 προδεδόμεθα
1343 2131 1424 2179 ὑπδ
1449 2136 1522 2179 τῶν
1545 2133 1716 2196 συμμά-

375 2216 405 2237 “
429 2228 523 2269 χων,
548 2210 658 2272 ἡμεῖς
681 2227 724 2255 τε
748 2210 789 2255 οἱ
810 2209 1143 2271 Λακεδαιμόνιοι,
1180 2209 1255 2257 καὶ
1279 2209 1391 2273 ὑμεῖς
1412 2211 1452 2256 ol
1468 2210 1708 2266 Ἀθηναῖοι,

372 2294 398 2314 “
425 2285 506 2333 ὑπδ
527 2286 595 2340 τὴν
619 2286 909 2349 παροιχομένην
946 2287 1075 2333 νύκτα
1137 2287 1362 2350 ιαδροίντων.
1398 2290 1459 2333 νῦν
1496 2286 1546 2332 ὧν
1582 2287 1716 2334 δέδοκ·

372 2368 402 2391 “
425 2382 497 2409 ται
533 2362 581 2410 τδ
618 2364 796 2410 ἐνθεῦτεν
827 2362 874 2409 τὸ
909 2363 1087 2417 ποιητέον
1123 2365 1226 2427 ἡμῖν·
1261 2363 1533 2427 ἀμυνομένους
1557 2362 1639 2427 γοὶρ
1661 2368 1713 2428 τῇ

374 2446 401 2468 “
426 2440 643 2503 δυνάμεθα
668 2440 816 2504 οἵριστα
840 2441 1105 2504 περιστέλλειν
1129 2441 1350 2495 ἀλλὴλους.
1375 2442 1407 2488 εἰ
1428 2441 1500 2503 μέν
1523 2460 1585 2488 νυν
1609 2442 1647 2494 ἐς
1669 2440 1712 2488 ὑ-

372 2520 400 2543 “
423 2516 530 2578 μέας
560 2517 712 2580 ὥρμησε
736 2516 859 2580 ἀρχὴν
884 2519 905 2570 ἡ
929 2518 1068 2573 ἵππος,
1091 2521 1186 2581 χρῆν
1210 2517 1256 2571 δὴ
1280 2517 1409 2580 ἡμέας
1431 2536 1489 2573 τε,
1521 2516 1596 2564 καὶ
1617 2516 1712 2570 τοὺς

373 2599 402 2620 “
427 2594 516 2655 μετ’
547 2594 670 2656 ἡμέων
693 2593 761 2647 τὴν
783 2594 980 2641 Ἑλλάδα
1004 2596 1050 2641 οὐ
1073 2592 1331 2658 προδιδόντας
1366 2595 1592 2654 Τεγεὴτας,
1615 2597 1712 2657 βοη-

374 2675 401 2695 “
425 2670 528 2716 θέειν
552 2670 656 2733 ὑμῖν·
689 2674 749 2717 νῦν
774 2669 828 2726 δὲ,
855 2672 892 2724 ἐς
926 2671 1054 2733 ἡμέας
1094 2669 1176 2735 γοὶρ
1213 2671 1368 2718 ἅπασα
1404 2671 1617 2735 κεχώρηκε,
1653 2670 1711 2717 δί-

374 2750 401 2773 “
425 2747 542 2793 καιοί
581 2749 668 2794 ἐστε
718 2747 829 2809 ὑμεῖς
873 2746 970 2811 πρὸς
1014 2747 1082 2803 τὴν
1127 2748 1353 2811 πιεζομένην
1397 2748 1591 2810 μάλιστα
1635 2751 1709 2795 τῶν

1775 1448 1806 1486 5

1746 1834 1805 1872 10

1743 2602 1801 2641 10
