1836 3156
706 128 938 162 INDEX.

97 218 250 259 Helisyci‚
266 217 317 249 vii.
334 220 403 249 165.

95 263 290 295 Helotarum
310 260 429 290 ruditas
443 258 477 289 in
492 257 715 300 distinguendo
734 268 795 303 aege

141 307 181 336 ab
196 315 282 337 auro,
299 304 341 333 ix.
359 307 414 333 80.

100 347 357 387 Hephaestienses
367 345 401 375 in
415 346 544 381 Lemno,
562 344 602 374 vi.
621 348 693 375 140.

102 390 261 422 Heraclea
277 388 389 419 Siciliae
404 389 443 419 ab
461 387 605 419 Hercule
627 386 761 423 condita,
778 397 807 417 v.

106 475 288 508 Heraclidae
299 484 337 505 ex
349 473 477 504 Iardani
489 473 602 504 ancilla
616 478 647 503 et
664 471 809 503 Hercule

145 518 256 560 geniti,
288 517 308 548 i.
338 520 367 549 7.
386 527 496 548 eorum
517 516 684 556 imperium
696 525 807 556 quam-

146 561 203 592 diu
233 560 391 591 duraverit
419 560 453 590 in
485 559 563 589 Asia
591 565 623 589 et
651 564 688 589 ut
711 558 808 588 fuerit

147 603 344 639 translatum,
369 603 389 634 i.
412 607 441 633 7.
463 612 572 632 eorum
596 601 675 632 ultio
697 601 730 631 in
755 603 808 633 ab·

147 654 295 686 nepotem
314 646 416 686 Gygis
430 644 585 679 devoluta,
603 644 622 674 i.
642 646 690 674 13.

106 689 288 721 Heraclidae
310 689 344 718 in
360 688 624 728 Peloponnesum
639 686 739 717 redire
754 696 806 717 co-

150 732 224 763 nati.
237 732 278 762 ix.
294 736 344 763 26.

108 775 297 807 Heraclides
320 773 461 805 Ibanolis
482 774 524 803 fil.
545 784 573 804 v.
590 777 661 804 122.
676 773 744 814 ejus
758 772 807 802 in·-

150 818 236 849 sidiae
256 817 357 848 Persis
371 823 505 851 structae,
522 816 595 847 ibid.

110 861 298 893 Heraclides
330 860 498 890 Aristodici
530 859 650 899 Cymaei
673 864 766 898 pater,
790 859 811 888 i.

158 908 231 935 158.
587 916 596 929 ι

110 947 298 978 Heraclides
323 945 514 987 Aristagorae
533 944 654 986 Cymaei
666 951 762 984 pater,
779 955 807 975 v.

110 1033 223 1064 Heraei
237 1034 312 1063 urbs
323 1033 386 1062 sive
403 1030 612 1070 Heraeopolis,
630 1030 669 1060 iv.
687 1034 736 1061 90.

111 1075 272 1106 Hercules
289 1074 520 1115 Amphitryone
535 1080 566 1104 et
584 1072 741 1103 Alcmena
756 1083 812 1113 ge-

150 1119 244 1154 nitus,
276 1118 307 1148 ii.
326 1122 376 1148 43.
407 1122 458 1148 44.
485 1122 537 1147 45.
572 1116 810 1156 145.146.e,jus

152 1168 215 1192 tres
243 1161 333 1191 liberi
362 1171 400 1191 ex
440 1160 594 1196 Echidna,
626 1159 664 1188 iv.
698 1163 746 1190 10.
775 1168 813 1188 ex

153 1203 298 1235 Hercule
340 1210 371 1234 et
412 1203 540 1234 Iardani
569 1202 682 1232 ancilla
712 1201 812 1243 geniti

156 1247 348 1283 Heraclidae,
389 1247 409 1278 i.
451 1250 480 1278 7.
515 1245 674 1276 Hercules
719 1244 813 1285 Hylli

153 1296 251 1331 pater,
297 1290 348 1320 vii.
386 1294 457 1321 204.
496 1290 557 1319 viii.
601 1292 670 1319 151.
705 1294 815 1318 auctor

155 1333 279 1374 generis
302 1332 463 1368 Leonidae,
487 1332 537 1362 vii.
563 1335 634 1362 204.
659 1330 817 1361 Hercules

152 1386 171 1407 e
196 1376 329 1407 deorum
352 1376 529 1406 novissimis
551 1374 636 1414 apud
663 1374 810 1404 Graecos:

155 1420 241 1459 apud
260 1420 428 1459 AEgyptios
443 1429 540 1453 secus,
556 1418 587 1448 ii.
606 1420 676 1448 145.
689 1417 815 1447 Hercu-

155 1462 202 1492 les
231 1462 408 1502 Olympius,
434 1462 465 1492 ii.
482 1465 533 1492 44.
549 1460 707 1491 Hercules
726 1461 816 1491 Grae-

155 1515 274 1541 corum,
306 1505 337 1535 ii.
363 1509 414 1536 45.
440 1504 592 1535 Herculis
614 1503 769 1542 templum
785 1503 818 1532 in

157 1549 348 1589 Cynosarge,
365 1548 404 1578 vi.
424 1552 492 1579 116.
518 1546 670 1578 Herculis
691 1547 725 1576 in
742 1547 818 1576 Ma-

154 1592 285 1621 rathone
307 1591 473 1631 ternplum,
499 1590 538 1621 vi.
557 1594 626 1621 108.
646 1593 716 1620 116.
733 1589 818 1619 Her-

157 1634 238 1664 culis
268 1634 424 1674 templum
454 1633 548 1664 servis
575 1643 633 1673 pro
661 1631 758 1672 asylo,
788 1631 819 1662 ii.

158 1680 229 1707 115.
255 1677 408 1708 Herculis
432 1677 511 1717 Tyri
532 1676 697 1716 templum,
718 1675 749 1705 ii.
767 1679 822 1705 44.

162 1720 314 1750 Herculis
338 1720 447 1750 Thasii
462 1719 627 1758 templum,
645 1717 719 1749 ibid.
737 1717 823 1747 Her-

158 1762 223 1793 culi
252 1763 364 1793 bifaria
389 1763 508 1802 templa
529 1772 586 1792 cur
607 1761 730 1797 dentur,
746 1760 822 1791 ibid.

159 1805 312 1836 Herculis
340 1805 515 1842 oraculum,
547 1805 579 1835 ii.
602 1809 654 1835 85.
670 1803 822 1834 Herculis

156 1847 192 1877 in
218 1849 379 1888 Scythiam
403 1849 565 1884 adventus,
593 1855 649 1879 etc.
674 1847 714 1877 iv.
743 1851 773 1877 8.
790 1851 819 1878 9.

158 1891 227 1931 ejus
248 1901 347 1927 arcus,
371 1891 524 1927 baltheus,
547 1891 588 1920 iv.
612 1894 660 1921 10.
675 1890 743 1930 ejus
758 1897 820 1920 tres

157 1933 223 1970 filii,
255 1934 329 1964 ibid.
361 1934 549 1975 Scytharum
578 1935 665 1968 deus,
697 1933 736 1962 iv.
768 1936 820 1964 59.

161 1977 228 2017 ejus
250 1977 419 2019 vestigium
441 1978 475 2007 in
496 1984 592 2017 petra,
607 1976 646 2006 iv.
663 1979 713 2005 82.
731 1975 818 2006 Her-

160 2019 240 2049 culis
254 2030 308 2050 ara
318 2020 404 2060 apud
422 2020 524 2061 Pylas,
542 2020 592 2050 vii.
610 2022 679 2050 176.
693 2019 822 2049 Hercu-

158 2061 205 2092 les
233 2063 361 2094 relictus
380 2065 420 2094 ab
449 2063 654 2104 Argonautis,
683 2061 732 2091 vii.
750 2065 823 2093 193.

162 2105 300 2136 Herculi
338 2106 399 2137 fert
436 2117 529 2146 opem
568 2105 599 2136 fl.
631 2106 744 2145 Dyras,
775 2105 826 2134 vii.

119 2152 292 2222 Hgffiileae
307 2192 473 2229 columnae,
489 2193 529 2223 iv.
545 2196 615 2223 181.
630 2198 658 2222 et
678 2193 749 2223 185.

120 2234 283 2265 Hermeus
295 2236 390 2267 sinus.
410 2235 441 2265 ii.
458 2240 485 2266 2.

122 2277 282 2308 Hermion
298 2279 374 2309 Lasi
389 2285 489 2318 pater,
505 2279 557 2309 vii.
573 2283 604 2310 6.

121 2319 300 2352 Hermione
342 2322 512 2362 Dryopum
539 2322 655 2357 civitas,
686 2323 748 2353 viii.
777 2327 831 2355 75.

164 2364 422 2400 Hermionenses,
439 2365 480 2395 iii.
493 2367 544 2396 59.
559 2365 622 2395 viii.
638 2370 690 2396 45.

124 2406 325 2446 Hermippus
342 2407 514 2445 Atarnites,
531 2408 568 2437 vi.
586 2412 614 2438 4.

124 2449 340 2489 Hermoiycus
371 2451 581 2485 Atheniensis,
615 2451 759 2491 Euthyni
788 2451 825 2481 fi-

163 2492 226 2522 lius
241 2493 273 2521 in
289 2493 451 2532 pancratio
466 2494 599 2530 celeber,
617 2495 658 2524 ix.
678 2499 747 2526 105.

125 2534 388 2575 Hermophantus
417 2537 483 2567 dux
511 2543 619 2567 contra
652 2537 764 2567 Persas
786 2538 826 2568 ad

169 2578 281 2613 Sardis,
299 2589 327 2608 v.
345 2583 396 2610 99.

125 2620 350 2652 Hermotimus
369 2622 554 2653 Pedasensis
567 2623 648 2654 inter
663 2625 826 2654 eunuchos

164 2664 251 2704 apud
274 2675 381 2705 regem
404 2675 528 2706 magnae
544 2667 747 2703 auctoritatis,
765 2667 827 2697 viii.

167 2711 239 2738 104.
271 2714 467 2738 exsectorem
490 2719 584 2739 suum
630 2710 825 2741 Panionium

163 2750 325 2791 quomodo
342 2751 437 2786 ultus,
453 2751 515 2783 viii.
535 2755 604 2783 105.
622 2756 690 2784 106.

131 2793 364 2834 Hermotybies‚
414 2795 641 2835 AEgyptiorum
669 2801 824 2837 pugnato-

166 2846 240 2866 rum
262 2847 372 2877 genus,
395 2837 426 2867 ii.
453 2842 521 2869 164.
542 2838 583 2868 ix.
598 2843 648 2870 51.
666 2850 744 2880 quas
759 2839 826 2879 pla-

161 2889 218 2919 gas
239 2879 393 2917 incolant,
416 2881 447 2912 ii.
474 2884 545 2914 165.
567 2889 692 2913 tantum
709 2883 751 2913 rei
769 2883 827 2912 mi-

161 2922 243 2953 litari
268 2930 387 2961 vacant,
415 2924 446 2955 ii.
465 2928 534 2957 165.
553 2929 622 2957 168.
638 2928 690 2957 ubi
707 2932 736 2957 et
754 2928 829 2957 alin.

1515 133 1556 162 51

845 215 989 246 Hermus
1016 214 1127 251 amnis,
1158 214 1178 246 i.
1208 217 1258 247 55.
1275 218 1324 247 80.
1341 226 1368 246 v.
1390 218 1460 246 101.
1477 216 1507 246 ii.
1524 221 1554 249 9.

845 258 969 288 Hero'es
984 257 1083 298 ignoti
1102 258 1250 299 AEgypto‚
1265 258 1298 288 ii.
1317 262 1367 290 50.

845 301 1007 331 Heroibus
1023 301 1168 342 Trojanis
1183 307 1384 341 parentatum
1395 311 1413 331 a
1428 301 1552 341 Xerxe,

892 344 943 374 vii.
959 347 1010 374 45.

853 386 1039 417 Herodotus
1069 387 1221 426 posterior
1250 387 1396 417 Homero
1423 393 1454 417 et
1485 387 1557 417 He-

897 429 985 460 siodo
1021 429 1112 460 annis
1157 429 1404 470 quadringentis,
1438 429 1470 460 ii.
1505 434 1558 461 55.

898 473 966 513 ejus
995 479 1070 503 aetas
1095 472 1171 503 citra
1202 473 1327 503 Moerin.
1353 473 1384 502 ii.
1419 476 1468 503 15.
1489 473 1557 513 ejus

893 515 998 546 cautio
1015 516 1096 546 circa
1113 526 1157 551 ea,
1182 526 1254 556 quae
1269 515 1310 546 ad
1324 525 1391 546 rem
1414 515 1555 546 divinam

894 559 1060 598 pertinent,
1084 559 1116 589 ii.
1143 563 1174 590 5.
1199 562 1247 590 65.
1266 562 1337 589 171.
1353 559 1423 599 ejus
1438 568 1506 589 mos
1522 559 1558 588 in

893 601 1126 642 distinguendo,
1170 602 1223 631 vii.
1262 605 1331 632 152.
1358 602 1425 641 ejus
1462 601 1559 632 collo-

895 645 1008 685 quium
1030 654 1104 675 cum
1128 644 1267 675 Vulcani
1283 644 1507 683 sacerdotibus,
1525 645 1560 675 ii.

894 691 924 718 5.
954 693 986 718 et
1016 688 1093 718 item
1118 697 1193 718 cum
1214 688 1352 728 quodam
1371 688 1497 722 Archia,
1515 687 1559 719 iii.

896 733 947 762 55.
970 731 1039 770 ejus
1060 730 1215 761 sententia
1229 730 1269 761 de
1286 730 1436 770 AEgypto‚
1453 730 1485 760 ii.
1510 734 1558 762 15.

895 773 934 804 de
952 773 1037 808 Nilo,
1055 773 1086 803 ii.
1103 778 1153 804 24.
1167 773 1207 803 de
1225 774 1394 804 Persarum
1408 773 1557 810 moribus,

895 817 916 847 i.
934 820 1004 848 157.
1022 817 1061 847 de
1076 817 1144 853 hoc,
1161 827 1210 853 an,
1228 817 1253 847 si
1268 816 1349 846 intra
1368 815 1465 846 Ilium
1478 816 1560 846 fuis-

900 866 947 890 set
975 859 1114 897 Helena,
1143 859 1264 890 reddita
1289 859 1407 895 fuisset,
1432 859 1463 889 ii.
1490 863 1560 890 120.

901 902 979 932 vidit
993 902 1076 933 bella
1092 903 1395 942 Peloponnesiorum
1411 908 1444 932 et
1462 902 1562 935 Athe-

894 946 1060 981 niensium,
1084 946 1134 976 vii.
1154 950 1224 978 157.
1241 947 1309 987 ejus
1333 945 1558 986 peregrinatio-

895 999 970 1019 ones
1001 986 1179 1031 φιλισ-τορῖας
1203 990 1314 1030 gratia,
1339 988 1370 1018 ii.
1397 993 1423 1018 1.
1454 991 1483 1018 2.
1509 992 1560 1019 44.

897 1032 1059 1071 postponit
1086 1032 1311 1063 Alcmaeouidis
1341 1030 1557 1061 Harmodium

901 1081 931 1104 et
949 1074 1172 1115 Aristogitona,
1191 1076 1232 1105 vi.
1254 1079 1324 1106 125.

859 1116 1045 1147 Herodotus
1066 1118 1210 1148 ssasssidae
1227 1118 1320 1154 filius,
1338 1117 1402 1147 viii.
1421 1121 1490 1148 152.

860 1161 1088 1200 Herophantus
1106 1161 1268 1197 Parienus,
1287 1162 1326 1191 iv.
1345 1164 1414 1191 158.

857 1203 962 1233 Heros
981 1203 1125 1234 conditor
1152 1206 1246 1238 urbis,
1279 1205 1299 1234 i.
1328 1208 1398 1234 168.
1423 1204 1561 1235 diversus

899 1247 938 1276 ab
959 1246 1136 1281 immortali,
1156 1248 1186 1278 ii.
1200 1252 1252 1278 44.

861 1290 1008 1319 Heroum
1034 1290 1206 1326 Astrobaci‚
1223 1291 1262 1320 vi.
1275 1295 1326 1322 69.

862 1331 990 1372 Herpys
1007 1333 1225 1374 Timogenidae
1240 1339 1335 1373 pater,
1352 1335 1393 1365 ix.
1404 1339 1456 1366 58.

863 1375 1025 1406 Hesiodus
1064 1377 1301 1418 quadringentis
1331 1378 1423 1408 annis
1463 1376 1567 1408 extitit

903 1425 977 1449 ante
1001 1419 1213 1455 Herodotum,
1242 1420 1272 1450 ii.
1288 1423 1339 1452 55.
1356 1420 1517 1452 Hesiodus
1532 1426 1564 1450 et

907 1462 1072 1492 Homerus
1097 1463 1137 1493 de
1162 1463 1222 1494 diis
1252 1465 1451 1503 scripserunt,
1489 1462 1565 1494 ibid.

906 1505 975 1544 ejus
989 1506 1109 1536 mentio
1122 1505 1158 1536 fit
1169 1513 1209 1542 et,
1225 1507 1266 1536 iv.
1281 1511 1335 1537 56.

864 1548 1041 1587 Hexapolis
1051 1559 1123 1589 quae
1138 1549 1253 1580 saeculo
1272 1550 1428 1581 Herodoti
1447 1550 1561 1580 Penta-

908 1591 990 1630 polis
1000 1591 1090 1627 dicta,
1108 1592 1128 1623 i.
1139 1596 1209 1622 144.

867 1634 994 1664 Hieron
1014 1634 1145 1665 Gelonis
1163 1636 1267 1673 frater,
1280 1636 1331 1666 vii.
1347 1640 1418 1667 156.

869 1677 1087 1717 Hieronymus
1102 1679 1252 1715 Andr-ius,
1267 1679 1309 1710 ix.
1323 1683 1376 1709 55.

870 1720 992 1750 Hiiotae
1015 1727 1135 1760 septem
1149 1723 1231 1753 circa
1246 1733 1350 1753 unum
1367 1723 1566 1762 Spartanum,

907 1762 953 1792 ix.
969 1767 1020 1793 28.

867 1806 1001 1836 Himera
1019 1807 1140 1845 Siciliae,
1159 1808 1199 1839 vi.
1214 1812 1266 1838 24.
1278 1808 1330 1838 vii.
1347 1811 1418 1840 165.

869 1849 1070 1898 Hippagogae
1092 1862 1194 1887 naves,
1219 1851 1334 1899 (fflibus
1357 1852 1431 1893 equi
1444 1852 1566 1882 vehun-

905 1898 967 1927 tur,
986 1903 1025 1923 vl.
1039 1897 1091 1924 48.
1106 1894 1157 1924 vii.
1173 1898 1222 1926 97.

870 1934 1084 1974 Hipparchus,
1124 1937 1278 1967 Pisistrati
1302 1937 1397 1976 filius,
1439 1937 1570 1977 Hippiae

906 1977 1012 2016 frater,
1036 1991 1066 2010 V.
1087 1983 1137 2011 55.
1163 1980 1407 2012 Onomacritum
1433 1981 1568 2011 Athenis

907 2031 964 2050 cur
994 2022 1091 2061 ejecit,
1119 2023 1170 2053 vii.
1189 2028 1219 2054 6.
1244 2024 1312 2062 ejus
1341 2024 1511 2060 somnium,
1540 2035 1574 2053 v.

910 2068 961 2095 56.
983 2066 1023 2095 ab
1050 2066 1225 2097 Harmodio
1241 2073 1273 2097 at
1291 2067 1507 2109 Aristogitone
1521 2067 1572 2097 in-

911 2113 1092 2148 teremptus,
1108 2120 1135 2138 v.
1151 2113 1202 2141 55.
1213 2110 1252 2140 vi.
1271 2113 1339 2141 125.

873 2149 1018 2189 Hippias,
1058 2151 1214 2194 Pisistrati
1248 2152 1344 2192 filius,
1375 2153 1395 2184 i.
1431 2157 1481 2184 61.
1497 2163 1571 2184 eum

912 2193 1056 2224 Athenas
1076 2195 1226 2226 reducere
1239 2196 1352 2228 volunt
1367 2197 1572 2227 Lacedaemo.

909 2236 962 2273 nii,
988 2249 1016 2267 v.
1039 2242 1089 2269 91.
1105 2239 1159 2268 sed
1174 2239 1298 2276 frustra,
1315 2251 1343 2270 v.
1359 2244 1409 2271 95.
1425 2241 1452 2269 ei
1468 2240 1570 2270 visum

916 2282 950 2311 in
980 2281 1098 2311 somnis
1123 2281 1277 2318 oblatum,
1305 2283 1345 2313 vi.
1363 2286 1432 2314 107.
1448 2283 1476 2313 ei
1492 2283 1572 2313 dens

915 2323 1078 2354 tussiendo
1093 2335 1250 2361 excussus,
1266 2325 1339 2356 ibid.

873 2368 1131 2407 Hippobotarum
1160 2368 1286 2408 praedia,
1314 2380 1342 2399 ν.
1368 2371 1419 2401 77.
1443 2369 1482 2399 vi.
1502 2373 1572 2400 100.

874 2409 1089 2450 Hippoclides,
1102 2411 1247 2442 Tisandri
1260 2411 1343 2442 filius
1353 2422 1469 2452 procus
1483 2414 1554 2453 Aga
1561 2433 1572 2439 -

911 2455 1002 2488 ristae,
1030 2453 1068 2483 vi.
1102 2458 1173 2484 127.
1196 2456 1264 2495 ejus
1289 2456 1422 2496 majores
1444 2456 1569 2496 Cypseli

914 2496 1070 2527 Corinthii
1110 2498 1286 2539 propinqui,
1328 2499 1367 2529 vi.
1402 2502 1472 2529 128.
1502 2500 1570 2540 ejus

911 2539 981 2569 laus
1004 2550 1068 2579 prae
1083 2541 1192 2570 ceteris
1206 2541 1314 2580 procis,
1332 2541 1406 2572 ibid.
1421 2542 1490 2582 ejus
1506 2542 1567 2572 sal-

912 2583 1046 2613 tationes
1080 2590 1111 2613 et
1145 2583 1399 2624 gesticulationes
1444 2592 1568 2625 propter

912 2636 990 2667 quas
1004 2626 1120 2656 excidit
1133 2627 1261 2667 nuptiis,
1274 2628 1314 2658 vi.
1328 2632 1398 2659 150.

873 2668 1052 2708 Hippoclus
1069 2670 1313 2709 Lampsacenus,
1328 2671 1369 2702 iv.
1384 2675 1453 2702 158.

874 2712 1068 2751 Hippocoon
1085 2714 1164 2743 Scaei
1175 2720 1270 2753 pater,
1287 2725 1314 2744 v.
1331 2719 1382 2746 60.

875 2755 1084 2794 Hippocrates
1116 2756 1269 2788 Pisistrati
1297 2764 1393 2797 pater,
1427 2759 1567 2789 Athena-

913 2808 985 2828 rum
1000 2800 1135 2838 tyranni,
1150 2800 1169 2830 i.
1186 2804 1236 2831 59.
1250 2811 1278 2830 v.
1295 2805 1345 2832 65.

872 2839 1082 2881 Hippocrates
1099 2843 1254 2884 Megaclis
1267 2844 1310 2874 fil.
1324 2845 1364 2875 vi.
1384 2848 1451 2875 151.

873 2884 1085 2924 Hippocrates
1110 2886 1200 2916 Gelae
1233 2893 1394 2928 tyrannus,
1423 2887 1574 2918 Cleandri

917 2928 1019 2969 frater,
1044 2929 1083 2959 vi.
1107 2933 1156 2960 25.
1171 2929 1309 2962 vii.‘154.
1323 2941 1342 2961 a
1359 2931 1511 2962 Zanclaeis
1526 2941 1575 2961 ar-
