1836 3156
381 176 473 215 288
725 165 1230 222 HERODOTI,
1283 168 1366 214 ὅτε.

381 305 409 327 “
430 298 490 343 λοέ
511 314 554 344 τε
580 294 662 359 γοὶρ
684 295 760 343 καὶ
791 297 966 359 μεγάλα
1003 295 1090 343 ἐστὶ
1111 294 1167 342 τοὶ
1192 296 1471 344 διακωλύοντα
1493 301 1635 344 ταῦτα
1656 297 1716 360 μὴ

379 382 410 403 “
433 373 586 429 ποιέειν,
611 371 704 436 μηδ’
730 374 772 427 ἢν
797 374 1010 436 ἐθέλωμεν.
1048 377 1190 436 πρῶτα
1213 371 1284 434 μὲν
1306 374 1380 420 καὶ
1402 374 1600 436 μέγιστα,
1639 378 1714 420 τῶν
1744 382 1802 420 10

376 459 404 480 “
425 453 525 499 θεῶν
558 448 615 497 τοὶ
639 451 884 513 ἀγάλματα
907 450 982 497 καὶ
1004 449 1063 497 τοὶ
1086 450 1299 513 οἷκὴματα
1323 450 1633 514 ἐμπεπρησμένα
1665 469 1709 497 τε

375 535 401 556 “
424 526 500 574 καὶ
521 528 854 590 συγκεχωσμένα·
877 532 977 574 τοῖσι
1000 527 1128 590 ἡμέας
1151 526 1388 586 ἀναγκαίως
1411 527 1493 588 ἐ’χει
1518 527 1712 591 τιμωρέειν

375 610 402 632 “
427 605 465 657 ἐς
492 603 555 664 ιτοὶ
580 605 763 667 μέγιστα
785 605 961 667 μᾶλλον,
998 603 1024 657 ⁷³7¹
1043 622 1114 667 περ
1139 602 1366 666 ὁμολογέειν
1389 606 1447 665 τῷ
1480 608 1622 651 ταῦτα
1657 605 1711 667 ἐρ-

373 689 401 710 “
423 681 657 744 γασαμένῳ.
693 680 812 735 αὖτις
843 680 897 738 δὲ,
936 680 985 728 τὸ
1019 679 1255 734 Ἕλληνικδν
1292 678 1348 727 ἐὸν
1371 679 1549 744 ὅμαιμόν
1572 699 1616 728 τε
1639 679 1715 727 καὶ

373 760 402 785 “
427 757 700 821 ὁμόγλωσσον,
736 757 812 805 καὶ
845 760 945 805 θεῶν
979 757 1187 821 ἱδρύματά
1223 775 1267 804 τε
1300 755 1415 803 κοινοὶ
1448 756 1524 804 καὶ
1546 757 1709 813 θυσίαι,
1741 763 1797 803 15

372 841 400 863 “
422 835 532 888 ἤθεά
566 853 609 881 τε
635 833 860 898 ὁμότροπα·
895 838 970 880 τῶν
998 833 1198 897 προδότας
1232 832 1423 894 γενέσθαι
1456 832 1715 887 Ἀθηναίους

374 917 403 939 “
426 912 500 957 οὐκ
524 909 571 957 ἂν
595 909 637 957 εὖ
660 910 757 970 ἔχοι.
793 910 1021 957 ἐπίστασθέ
1045 929 1088 956 τε
1112 910 1229 965 οὕτω,
1254 912 1286 956 εἰ
1307 909 1366 973 μὴ
1389 908 1568 974 πρότερον
1592 911 1712 969 ἐτυγ-

374 993 406 1015 “
427 988 571 1048 χάνετε
595 987 867 1049 ἐπιστάμενοι,
893 985 972 1033 ’ἐστ’
999 985 1046 1033 ἂν
1060 985 1136 1032 καὶ
1159 986 1211 1039 εἷς
1225 991 1337 1050 περιῇ
1359 985 1610 1043 Ἀθηναίων,
1633 1005 1711 1049 μη-

373 1072 404 1094 “
429 1067 550 1129 δαμοῖ
574 1066 899 1128 ὁμολογήσοντας
921 1067 1051 1129 ἡμέας
1077 1066 1219 1130 Ξέρξῃ.
1287 1066 1452 1129 (Υμέων
1490 1066 1624 1128 μέντοι
1662 1066 1710 1112 ἀ-

372 1150 403 1171 “
427 1145 608 1206 γάμεθα
630 1143 697 1196 τὴν
721 1142 904 1206 προνοίην,
928 1142 996 1197 τὴν
1014 1144 1051 1196 ἐς
1073 1144 1203 1205 ἡμέας
1218 1143 1403 1202 ἔχουσαν,
1427 1141 1488 1189 ὅτι
1511 1142 1707 1206 προείδετε
1731 1147 1795 1187 20

370 1227 399 1249 ‘⁴
421 1220 547 1283 ἡμέων
570 1220 905 1284 οἰκοφθορημένων
939 1220 1056 1275 οὕτω,
1099 1220 1199 1266 ὥστε
1233 1219 1462 1282 ἐπιθρέψαι
1497 1218 1646 1266 ἐθέλειν
1668 1220 1711 1272 ἡ-

368 1304 398 1325 “
420 1296 524 1358 μέων
547 1295 641 1348 τούς
665 1296 839 1347 οἰκέτας.
873 1295 949 1342 καὶ
972 1296 1062 1359 ὑμῖν
1085 1295 1157 1359 μὲν
1180 1297 1202 1350 ἡ
1225 1296 1345 1359 χάρις
1385 1295 1708 1359 ἐκπεπλὴρωται·

368 1380 399 1402 “
420 1373 537 1435 ἡμέες
558 1373 693 1435 μέντοι
716 1374 988 1437 λιπαρὴσομεν
1012 1373 1129 1428 οὕτω,
1172 1370 1273 1425 ὅκως
1312 1370 1360 1418 ἂν
1396 1371 1566 1434 ἐ’χωμεν,
1603 1370 1708 1418 οὐδὲν

366 1456 395 1479 “
418 1449 630 1502 λυπέοντες
653 1448 792 1511 ὑμέας.
861 1451 955 1496 Νῦν
979 1448 1033 1505 δὲ,
1056 1451 1107 1502 ὦς
1125 1448 1228 1495 οὕτω
1250 1448 1430 1509 ἐχόντων,
1454 1447 1640 1513 στρατιὴν
1656 1449 1707 1501 ὦς

364 1532 394 1554 “
416 1527 603 1586 τάχιστα
628 1526 870 1588 ἐκπέμπετε.
904 1527 954 1578 ὦς
977 1524 1059 1590 γοὶρ
1092 1525 1207 1587 ἡμέες
1241 1525 1468 1588 εἰκάζομεν,
1506 1526 1581 1572 οὐκ
1611 1524 1709 1578 ἑκοὶς
1732 1531 1793 1571 25

364 1608 389 1629 “
412 1601 552 1665 χρόνου
587 1602 834 1665 παρέσταιὸ
867 1601 1080 1666 Βάρέαρος
1115 1600 1292 1648 ἐσζαλῶν
1330 1603 1368 1655 ἐς
1403 1601 1470 1655 τὴν
1506 1601 1702 1664 ἡμετέρην,

365 1686 392 1707 “
416 1678 519 1725 ἀλλ’
549 1678 707 1726 ἐπειδᾶν
729 1680 916 1740 τάχιστα
940 1679 1129 1734 πὺθηται
1152 1679 1220 1733 τὴν
1254 1679 1466 1739 ἀγγελίην,
1502 1677 1563 1724 ὅτι
1599 1677 1705 1724 οὐδὲν

367 1762 395 1782 “
418 1757 630 1817 ποιησομεν
653 1760 727 1802 τῶν
751 1757 888 1810 ἐκεῖνος
910 1757 1034 1819 ἡμέων
1058 1756 1300 1820 προσεδέετο.
1343 1755 1429 1819 πρὶν
1451 1755 1499 1800 ὧν
1522 1760 1703 1818 παρεῖναι

365 1839 392 1859 “
416 1833 551 1879 ἐκεῖνον
575 1833 612 1884 ἐς
634 1831 702 1886 τὴν
737 1832 954 1888 Ἀττικὴν,
979 1833 1108 1895 ἡμέας
1147 1832 1280 1896 καιρός
1307 1833 1390 1879 ἐστι
1414 1829 1703 1895 προσὲωθῆσαι

364 1914 394 1935 “
432 1909 470 1960 ἐς
514 1907 581 1961 τὴν
635 1908 868 1962 Βοιωτίην.”
966 1909 1032 1953 Οἱ
1069 1906 1155 1970 μὲν,
1201 1912 1343 1954 ταῦτα
1389 1907 1701 1972 ὑποκριναμένων
1726 1915 1789 1954 30

360 1983 596 2041 Ἀθηναίων,
634 1985 955 2033 ἀπαλλάσσοντο
990 1985 1028 2038 ἐς
1064 1985 1266 2048 Σπάρτην.
