1805 3151
114 310 190 340 alter
208 309 313 340 Cimo-

114 353 161 382 nis
177 352 270 387 filius,

113 395 282 431 Miltiades,

111 438 145 466 in
165 437 271 468 locum

110 481 212 510 fratris
228 491 300 511 suc-

109 533 259 559 cessurus,

112 566 249 595 Athenis

110 608 207 644 solvit,
225 615 271 638 te-

110 657 226 691 netque
252 651 310 680 im-

109 703 233 732 penum

113 737 308 767 Chersonoei.

339 186 398 231 76
762 183 1248 233 HERODOTI

404 327 574 358 XXXIX.
644 315 969 369 Τελευτῆσαντος
1016 315 1054 362 δὲ
1099 314 1174 361 καὶ
1221 315 1486 380 Στησαγόρεω
1539 317 1672 381 τρόπῳ

339 388 486 449 τοιῷδε,
514 390 697 436 ἐνθαῦτα
725 392 966 438 Μιλτιάδεα
990 391 1055 439 τόν
1094 393 1290 454 Κίμωνος,
1331 393 1596 457 Στησαγόρεω
1632 394 1671 441 δὲ

337 468 412 510 τοῦ
434 466 743 519 τελευτησαντος
778 467 981 527 ἀδελφεὸν,
1024 469 1415 532 καταλαμψόμενον
1450 468 1508 516 τοὶ
1547 471 1674 533 πρηγ-

336 559 475 601 ματα,
513 540 580 587 ἐπὶ
607 543 847 605 Χερσονησου
871 544 1171 590 ἀποστέλλουσι
1199 546 1341 608 τριήρεϊ
1364 548 1404 592 οἱ
1434 548 1676 609 Πεισιστρα-

336 615 465 661 τίδαι·
501 617 543 662 οἵ
558 636 626 679 μιν
648 617 724 664 καὶ
747 620 781 664 ἐν
804 618 1007 682 Ἀθηνησι
1031 619 1182 666 ἐποίευν
1224 619 1284 677 εὖ,
1323 623 1374 673 ὦς
1397 622 1441 667 οὐ
1465 620 1678 674 συνειδότες

337 691 457 745 δῆθεν
481 698 555 740 τοῦ
577 693 731 758 πατρός
758 696 940 758 Κίμωνος
964 697 1094 742 αὐτοῦ
1117 695 1182 742 τᾶν
1205 697 1401 753 θάνατον,
1428 697 1494 745 τόν
1530 697 1610 758 ἐγὼ
1644 699 1679 744 ἐν

337 769 454 831 άλλῳ
487 769 598 832 λόγῳ
632 771 813 833 σημανέω
853 774 903 825 ὡς
940 772 1105 831 ἐγένετο.
1179 773 1416 827 Μιλτιάδης
1450 773 1489 820 δὲ
1529 773 1679 820 ἀπικό-

336 865 450 909 μενος
490 849 526 899 ἐς
565 847 631 901 την
675 848 920 911 Χερσόνησον,
963 849 1043 909 εἶχε
1077 848 1173 895 κατ’
1209 854 1352 905 οἴκους,
1389 849 1454 896 τόν
1489 850 1679 910 ἀδελφεὸν

339 923 607 988 Στησαγόρεα
632 924 784 978 δηλαδῆ
807 926 1032 988 ἐπιτιμέων.
1071 926 1168 973 οἶδὲ
1197 928 1490 990 Χερσονησῖται,
1517 930 1681 975 πυνθα-

338 1001 482 1063 νόμενοι
517 1006 672 1057 ταῦτα,
709 1004 1008 1063 συνελέχθησαν
1046 1003 1131 1050 ἀπὸ
1170 1004 1327 1050 πασέων
1363 1009 1437 1050 τῶν
1473 1005 1620 1051 πολίων
1645 1007 1685 1051 οἱ
1709 1012 1768 1051 10

338 1078 637 1132 δυναστεύοντες
660 1081 874 1126 πάντοθεν·
897 1082 1011 1141 κοινῷ
1030 1078 1069 1125 δὲ
1094 1079 1226 1142 στόλῳ
1249 1080 1487 1142 ἀπικόμενοι
1513 1082 1563 1133 ὦς
1580 1089 1680 1127 συλ-

312 1156 677 1218 λυπηθησόμενοι,
715 1156 907 1210 ἐδέθησαν
954 1155 1022 1201 ὑπ’
1061 1157 1201 1202 αὐτοῦ.
1285 1157 1522 1210 Μιλτιάδης
1555 1176 1598 1203 τε
1633 1156 1679 1210 δὴ

117 1473 303 1512 Scytharum

109 1526 126 1545 a
149 1515 246 1545 Dario
263 1515 306 1545 la·

110 1559 292 1588 cessitorum

113 1601 145 1630 in
165 1602 296 1631 Cherso-

111 1654 222 1674 nesum
239 1645 279 1673 ir-

109 1687 222 1726 ruptio,

112 1730 280 1760 Mi1tiadis:

110 1783 171 1813 que
187 1774 227 1803 ob
242 1783 311 1802 eam

110 1816 195 1856 fuga.
237 1816 312 1855 Scy-

109 1859 170 1888 this
191 1869 309 1899 regres-

110 1912 160 1935 sxs,
182 1913 215 1931 m
232 1912 289 1930 1m-

111 1945 235 1984 perium
266 1955 313 1974 re·

110 1987 258 2018 stituitur.

112 2254 188 2284 Post
204 2264 221 2282 a
240 2253 315 2283 Per-

112 2297 154 2327 sis
169 2298 208 2326 ob
224 2306 300 2326 con-

112 2340 217 2370 silium
228 2339 315 2369 Ioni-

114 2384 173 2412 bus
189 2382 297 2412 datum

113 2424 158 2466 [4,
180 2425 263 2466 152]

114 2476 267 2502 metuens,

111 2522 187 2542 cum
202 2511 271 2540 illo-

113 2565 186 2584 rum
203 2554 278 2583 clas-

115 2607 181 2629 sem
199 2597 300 2627 Tene-

115 2643 192 2671 dum
216 2650 314 2678 appu-

114 2684 186 2714 lisse
201 2682 290 2712 audi-

114 2728 207 2756 visset
222 2725 263 2766 [c.

115 2769 193 2810 31.],
211 2767 303 2808 quin.

116 2822 177 2853 que
192 2811 278 2841 trire-

336 1236 440 1292 ἴσχει
485 1232 554 1286 τὴν
603 1233 851 1296 Χερσόνησον,
890 1233 1177 1285 πεντακοσίους
1227 1233 1386 1296 βόσκων
1433 1234 1678 1297 ἐπικούρους,

335 1308 412 1354 καὶ
446 1309 593 1371 γαμέει
645 1309 824 1373 Ὀλόρου
865 1315 939 1357 τοῦ
992 1310 1171 1373 Θρηίκων
1217 1313 1417 1374 βασιλῆος
1462 1311 1682 1374 θυγατέρα

337 1386 642 1445 εΗγηοίπύλην.

406 1478 488 1509 XL.
564 1460 704 1515 Οὗτος
728 1462 766 1510 δέ
793 1463 813 1509 ὁ
839 1464 1021 1526 Κίμωνος
1048 1465 1298 1521 Μιλτιάδης,
1334 1464 1468 1512 νεωστὶ
1490 1465 1561 1527 μὲν
1596 1465 1683 1519 ἐλη-

340 1539 464 1586 λύθεε
488 1541 525 1592 ἐς
548 1539 615 1592 την
643 1540 892 1603 Χερσόνησον*
928 1540 1223 1604 κατελάμὲανε
1249 1542 1287 1588 δέ
1311 1561 1379 1603 μιν
1404 1541 1582 1589 ἐλθόντα
1605 1542 1682 1588 οἵλ-

337 1625 396 1662 λα
435 1621 509 1662 τῶν
543 1616 799 1676 κατεχόντων
841 1620 1092 1680 πρηγμάτων
1133 1619 1420 1682 χαλεπώτερα.
1457 1619 1578 1682 τρίτῳ
1612 1618 1684 1681 μὲν

339 1693 421 1757 γαρ
445 1693 526 1740 ἐ’τεϊ
544 1694 725 1749 τουτέων,
755 1693 934 1747 Σκύθας
949 1695 1148 1755 ἐκφεύγει.
1194 1694 1366 1743 Σκύθαι
1391 1694 1472 1758 γοὶρ
1500 1697 1540 1741 οἱ
1559 1697 1683 1758 νομά-

340 1772 399 1824 δες
423 1772 690 1834 ἐρεθισθέντες
708 1770 788 1817 ὑπὸ
811 1774 1010 1833 βασιλῆος
1037 1772 1230 1835 Δαρείου,
1258 1773 1581 1836 συνεστράφησαν
1604 1771 1681 1819 καὶ

337 1848 497 1900 ἤλασαν
520 1848 638 1911 μέχρι
662 1852 733 1901 τῆς
760 1849 1000 1911 Χερσονῆσου
1020 1848 1183 1902 ταύτης.
1208 1849 1376 1901 τούτους
1400 1848 1585 1901 ἐπιόντας
1608 1850 1683 1896 οὐκ

340 1925 604 1988 ὑπομείναςὸ
640 1924 891 1980 Μιλτιάδης,
918 1925 1062 1985 ἐ’φευγε
1097 1924 1183 1971 dm&
1223 1926 1484 1988 Χερσονησου·
1521 1927 1557 1978 ἐς
1594 1925 1614 1971 ὃ
1648 1925 1690 1972 οἵ

339 2021 382 2049 τε
410 2002 582 2049 Σκύθαι
607 2002 975 2062 ἀπαλλάχθησαν,
998 2002 1079 2048 καί
1095 2021 1164 2064 μιν
1189 2004 1229 2048 οἱ
1251 2002 1464 2062 Δόλογκοι
1489 2003 1682 2062 κατηγα-

341 2102 410 2142 γον
435 2083 576 2128 ὀπίσω.
614 2085 756 2127 ταῦτα
781 2080 852 2143 μὲν
876 2080 921 2134 δὴ
945 2081 1065 2144 τρίτῳ
1088 2080 1169 2127 ἐ’τεῖ
1199 2080 1377 2144 πρότερον
1413 2079 1587 2140 ἐγεγόνεε
1611 2084 1685 2126 τῶν

341 2159 432 2206 τότε
457 2179 524 2221 μιν
547 2158 816 2218 κατεχόντων.

408 2252 509 2282 XLI.
580 2236 689 2282 Τότε
722 2234 774 2290 δὲ,
815 2235 1113 2298 πυνθανόμενος
1154 2236 1248 2282 εἶναι
1286 2235 1381 2288 τούς
1417 2236 1615 2288 Φοίνικας
1650 2236 1684 2281 ἐν

344 2313 510 2375 Τενέδῳ,
553 2313 765 2376 πληρώσας
803 2313 978 2376 τριηρεας
1015 2312 1128 2359 πέντε
1162 2313 1379 2376 χρημάτων
1413 2317 1487 2358 τῶν
1522 2311 1683 2375 παρεόν-

343 2411 431 2446 των,
471 2391 650 2437 ἀπέπλεε
698 2391 734 2442 ἐς
773 2388 850 2442 τὰς
899 2390 1107 2443 Ἀθηνας.
1160 2388 1235 2436 καὶ
1273 2390 1402 2453 ὥσπερ
1436 2391 1602 2453 ὦρμηθη
1641 2390 1686 2436 ἐκ

347 2467 523 2531 Καρδίης
560 2467 712 2522 πόλιος,
751 2467 865 2513 ἐ’πλεε
909 2465 976 2513 διοὶ
1011 2471 1085 2513 τοῦ
1123 2468 1314 2519 Μέλανος
1335 2466 1512 2513 κόλπου·
1548 2485 1682 2529 παρα-

344 2542 506 2606 μείὲετό
531 2563 573 2590 τε
596 2544 662 2597 την
691 2543 938 2607 Χερσόνησον,
965 2543 1040 2589 καὶ
1064 2546 1103 2589 οἱ
1131 2543 1315 2596 Φοίνικές
1338 2545 1378 2589 οἱ
1396 2543 1683 2606 περιπίπτουσι

344 2626 435 2683 τῇσι
461 2622 578 2674 νηυσί.
615 2619 738 2673 αὐτὸς
761 2620 831 2683 μὲν
856 2620 900 2673 δὴ
928 2620 1164 2674 Μιλτιάδης
1200 2619 1267 2666 σύν
1302 2623 1393 2683 τῇσι
1417 2619 1589 2682 τέσσερσι
1613 2624 1686 2666 τῶν

345 2702 426 2744 νεῶν
460 2698 718 2758 καταφεύγει
744 2699 780 2750 ἐς
813 2696 993 2761 Ἵμὲρον,
1020 2697 1087 2751 τὴν
1123 2697 1161 2744 δέ
1197 2699 1237 2743 οἱ
1267 2697 1458 2760 πέμπτην
1492 2701 1566 2742 τῶν
1603 2701 1686 2743 νεῶν

343 2777 530 2822 κατὲιλον
555 2775 756 2828 διώκοντες
779 2777 819 2821 οἱ
845 2774 1045 2827 Φοίνικες.
1083 2777 1153 2828 τῆς
1177 2773 1217 2822 δὲ
1254 2772 1332 2827 νεὸς
1371 2773 1524 2829 ταύτης
1563 2772 1684 2834 ἔτυχε

1713 1396 1771 1435 15

1737 1780 1767 1819 5

1715 2165 1773 2203 10
