<?xml version="1.0" encoding="UTF-8"?>
<!DOCTYPE html PUBLIC "-//W3C//DTD XHTML 1.0 Transitional//EN"
    "http://www.w3.org/TR/xhtml1/DTD/xhtml1-transitional.dtd">
<html xmlns="http://www.w3.org/1999/xhtml" xml:lang="en" lang="en">
 <head>
  <title>
</title>
<meta http-equiv="Content-Type" content="text/html;charset=utf-8" />
  <meta name='ocr-system' content='tesseract 3.04.00' />
  <meta name='ocr-capabilities' content='ocr_page ocr_carea ocr_par ocr_line ocrx_word'/>
</head>
<body>
  <div class='ocr_page' id='page_1' title='image "./historinlogoi9ep02herouoft/historinlogoi9ep02herouoft_0260.png"; bbox 0 0 1836 3156; ppageno 0'>
   <div class='ocr_carea' id='block_1_1' title="bbox 123 1099 326 1486">
    <p class='ocr_par' dir='ltr' id='par_1_1' title="bbox 123 1099 326 1486">
     <span class='ocr_line' id='line_1_1' title="bbox 128 1099 305 1130; baseline -0.011 0"><span class='ocrx_word' id='word_1_1' title='bbox 128 1099 208 1130; x_wconf 82' lang='lat' dir='ltr'><em>Mox</em></span> <span class='ocrx_word' id='word_1_2' title='bbox 224 1099 305 1129; x_wconf 84' lang='lat' dir='ltr'>inse-</span> 
     </span>
     <span class='ocr_line' id='line_1_2' title="bbox 125 1149 304 1173; baseline -0.006 -1"><span class='ocrx_word' id='word_1_3' title='bbox 125 1149 199 1173; x_wconf 88' lang='lat' dir='ltr'>cuto</span> <span class='ocrx_word' id='word_1_4' title='bbox 214 1149 304 1172; x_wconf 81' lang='lat' dir='ltr'>terrae</span> 
     </span>
     <span class='ocr_line' id='line_1_3' title="bbox 126 1191 312 1220; baseline 0 -5"><span class='ocrx_word' id='word_1_5' title='bbox 126 1192 223 1220; x_wconf 79' lang='lat' dir='ltr'><strong>motu,</strong></span> <span class='ocrx_word' id='word_1_6' title='bbox 241 1191 312 1215; x_wconf 87' lang='lat' dir='ltr'>vota</span> 
     </span>
     <span class='ocr_line' id='line_1_4' title="bbox 124 1228 326 1259; baseline 0.01 -2"><span class='ocrx_word' id='word_1_7' title='bbox 124 1228 182 1258; x_wconf 85' lang='lat' dir='ltr'>diis</span> <span class='ocrx_word' id='word_1_8' title='bbox 203 1239 326 1259; x_wconf 92' lang='lat' dir='ltr'>nuncu-</span> 
     </span>
     <span class='ocr_line' id='line_1_5' title="bbox 124 1272 300 1310; baseline 0.006 -10"><span class='ocrx_word' id='word_1_9' title='bbox 124 1278 205 1310; x_wconf 81' lang='lat' dir='ltr'>pata,</span> <span class='ocrx_word' id='word_1_10' title='bbox 226 1272 300 1301; x_wconf 82' lang='lat' dir='ltr'><em>AEa-</em></span> 
     </span>
     <span class='ocr_line' id='line_1_6' title="bbox 125 1314 264 1355; baseline 0.007 -12"><span class='ocrx_word' id='word_1_11' title='bbox 125 1314 264 1355; x_wconf 84' lang='lat' dir='ltr'>cidaeque</span> 
     </span>
     <span class='ocr_line' id='line_1_7' title="bbox 123 1357 280 1387; baseline 0.006 -1"><span class='ocrx_word' id='word_1_12' title='bbox 123 1357 280 1387; x_wconf 75' lang='lat' dir='ltr'>auxslium</span> 
     </span>
     <span class='ocr_line' id='line_1_8' title="bbox 126 1400 280 1442; baseline 0.013 -13"><span class='ocrx_word' id='word_1_13' title='bbox 126 1400 226 1440; x_wconf 86' lang='lat' dir='ltr'>rogati</span> <span class='ocrx_word' id='word_1_14' title='bbox 241 1402 280 1442; x_wconf 64' lang='lat' dir='ltr'><em>[c.</em></span> 
     </span>
     <span class='ocr_line' id='line_1_9' title="bbox 124 1444 189 1486; baseline 0 -13"><span class='ocrx_word' id='word_1_15' title='bbox 124 1444 189 1486; x_wconf 81' lang='lat'><strong>83.]</strong></span> 
     </span>
    </p>
   </div>
   <div class='ocr_carea' id='block_1_2' title="bbox 123 1779 326 2199">
    <p class='ocr_par' dir='ltr' id='par_1_2' title="bbox 123 1779 326 2199">
     <span class='ocr_line' id='line_1_10' title="bbox 127 1779 324 1811; baseline -0.005 0"><span class='ocrx_word' id='word_1_16' title='bbox 127 1779 237 1811; x_wconf 82' lang='lat' dir='ltr'><strong>Pulvis</strong></span> <span class='ocrx_word' id='word_1_17' title='bbox 262 1780 324 1810; x_wconf 79' lang='lat' dir='ltr'>cla-</span> 
     </span>
     <span class='ocr_line' id='line_1_11' title="bbox 123 1834 256 1864; baseline 0 -11"><span class='ocrx_word' id='word_1_18' title='bbox 123 1834 256 1864; x_wconf 86' lang='lat' dir='ltr'>morque</span> 
     </span>
     <span class='ocr_line' id='line_1_12' title="bbox 123 1866 275 1906; baseline -0.007 -9"><span class='ocrx_word' id='word_1_19' title='bbox 123 1866 275 1906; x_wconf 84' lang='lat' dir='ltr'><strong>mysticus</strong></span> 
     </span>
     <span class='ocr_line' id='line_1_13' title="bbox 124 1909 278 1940; baseline -0.006 0"><span class='ocrx_word' id='word_1_20' title='bbox 124 1909 278 1940; x_wconf 80' lang='lat' dir='ltr'><strong>Eleusine</strong></span> 
     </span>
     <span class='ocr_line' id='line_1_14' title="bbox 125 1952 305 1982; baseline 0 0"><span class='ocrx_word' id='word_1_21' title='bbox 125 1952 206 1982; x_wconf 84' lang='lat' dir='ltr'>circa</span> <span class='ocrx_word' id='word_1_22' title='bbox 220 1953 305 1982; x_wconf 86' lang='lat' dir='ltr'>idem</span> 
     </span>
     <span class='ocr_line' id='line_1_15' title="bbox 124 2001 324 2035; baseline -0.01 -9"><span class='ocrx_word' id='word_1_23' title='bbox 124 2001 250 2035; x_wconf 84' lang='lat' dir='ltr'>tempus</span> <span class='ocrx_word' id='word_1_24' title='bbox 272 2006 324 2024; x_wconf 78' lang='lat' dir='ltr'><em>ex·</em></span> 
     </span>
     <span class='ocr_line' id='line_1_16' title="bbox 124 2038 326 2080; baseline -0.005 -11"><span class='ocrx_word' id='word_1_25' title='bbox 124 2046 220 2073; x_wconf 58' lang='grc' dir='ltr'><em>οἵως,</em></span> <span class='ocrx_word' id='word_1_26' title='bbox 249 2038 326 2080; x_wconf 89' lang='lat' dir='ltr'>quid</span> 
     </span>
     <span class='ocr_line' id='line_1_17' title="bbox 126 2081 253 2112; baseline -0.008 0"><span class='ocrx_word' id='word_1_27' title='bbox 126 2082 165 2112; x_wconf 85' lang='lat' dir='ltr'><em>de</em></span> <span class='ocrx_word' id='word_1_28' title='bbox 179 2081 253 2111; x_wconf 87' lang='lat' dir='ltr'>belli</span> 
     </span>
     <span class='ocr_line' id='line_1_18' title="bbox 125 2131 324 2164; baseline 0.005 -11"><span class='ocrx_word' id='word_1_29' title='bbox 125 2131 239 2155; x_wconf 84' lang='lat' dir='ltr'>eventu</span> <span class='ocrx_word' id='word_1_30' title='bbox 254 2135 324 2164; x_wconf 87' lang='lat' dir='ltr'>por-</span> 
     </span>
     <span class='ocr_line' id='line_1_19' title="bbox 126 2167 269 2199; baseline 0 -1"><span class='ocrx_word' id='word_1_31' title='bbox 126 2167 269 2199; x_wconf 87' lang='lat' dir='ltr'>tenderit.</span> 
     </span>
    </p>
   </div>
   <div class='ocr_carea' id='block_1_3' title="bbox 352 179 1273 229">
    <p class='ocr_par' dir='ltr' id='par_1_3' title="bbox 352 179 1273 229">
     <span class='ocr_line' id='line_1_20' title="bbox 352 179 1273 229; baseline -0.002 0"><span class='ocrx_word' id='word_1_32' title='bbox 352 191 446 229; x_wconf 77' lang='lat'><em>‘250</em></span> <span class='ocrx_word' id='word_1_33' title='bbox 783 179 1273 229; x_wconf 82' lang='lat' dir='ltr'>HERODOTl</span> 
     </span>
    </p>
   </div>
   <div class='ocr_carea' id='block_1_4' title="bbox 351 309 1703 2446">
    <p class='ocr_par' dir='ltr' id='par_1_4' title="bbox 352 309 1701 604">
     <span class='ocr_line' id='line_1_21' title="bbox 352 309 1701 376; baseline 0.002 -18"><span class='ocrx_word' id='word_1_34' title='bbox 352 319 383 341; x_wconf 87' lang='lat'><strong>“</strong></span> <span class='ocrx_word' id='word_1_35' title='bbox 406 314 526 375; x_wconf 87' lang='grc' dir='ltr'><em>μεθα</em></span> <span class='ocrx_word' id='word_1_36' title='bbox 551 312 591 364; x_wconf 87' lang='grc' dir='ltr'><em>ἐς</em></span> <span class='ocrx_word' id='word_1_37' title='bbox 618 309 724 374; x_wconf 82' lang='grc' dir='ltr'><em>Σίριν</em></span> <span class='ocrx_word' id='word_1_38' title='bbox 747 310 815 365; x_wconf 83' lang='grc' dir='ltr'><em>τῆν</em></span> <span class='ocrx_word' id='word_1_39' title='bbox 840 313 875 358; x_wconf 81' lang='grc' dir='ltr'><em>ἐν</em></span> <span class='ocrx_word' id='word_1_40' title='bbox 915 310 1098 375; x_wconf 77' lang='grc' dir='ltr'><em>Ἰταλίῃ,</em></span> <span class='ocrx_word' id='word_1_41' title='bbox 1136 311 1235 374; x_wconf 77' lang='grc' dir='ltr'><em>ἤπερ</em></span> <span class='ocrx_word' id='word_1_42' title='bbox 1269 312 1433 376; x_wconf 76' lang='grc' dir='ltr'><em>ἡμετέρη</em></span> <span class='ocrx_word' id='word_1_43' title='bbox 1467 313 1512 360; x_wconf 87' lang='grc' dir='ltr'><em>τέ</em></span> <span class='ocrx_word' id='word_1_44' title='bbox 1546 314 1630 360; x_wconf 81' lang='grc' dir='ltr'><em>ἐστι</em></span> <span class='ocrx_word' id='word_1_45' title='bbox 1656 317 1701 362; x_wconf 80' lang='grc' dir='ltr'><em>ἐκ</em></span> 
     </span>
     <span class='ocr_line' id='line_1_22' title="bbox 353 387 1698 451; baseline 0.003 -16"><span class='ocrx_word' id='word_1_46' title='bbox 353 397 381 417; x_wconf 85' lang='grc'><strong>“</strong></span> <span class='ocrx_word' id='word_1_47' title='bbox 408 393 597 435; x_wconf 87' lang='grc' dir='ltr'><em>παλαιοῦ</em></span> <span class='ocrx_word' id='word_1_48' title='bbox 619 388 691 444; x_wconf 75' lang='grc' dir='ltr'><em>ἐ’τι,</em></span> <span class='ocrx_word' id='word_1_49' title='bbox 715 388 791 435; x_wconf 78' lang='grc' dir='ltr'><em>καὶ</em></span> <span class='ocrx_word' id='word_1_50' title='bbox 813 387 871 435; x_wconf 78' lang='grc' dir='ltr'><em>τοὶ</em></span> <span class='ocrx_word' id='word_1_51' title='bbox 894 388 1023 449; x_wconf 92' lang='grc' dir='ltr'><em>λόγια</em></span> <span class='ocrx_word' id='word_1_52' title='bbox 1057 389 1182 449; x_wconf 96' lang='grc' dir='ltr'><em>λέγει,</em></span> <span class='ocrx_word' id='word_1_53' title='bbox 1208 387 1277 436; x_wconf 78' lang='grc' dir='ltr'><em>ὑπ’</em></span> <span class='ocrx_word' id='word_1_54' title='bbox 1303 389 1429 451; x_wconf 78' lang='grc' dir='ltr'><em>ἡμέων</em></span> <span class='ocrx_word' id='word_1_55' title='bbox 1452 390 1578 445; x_wconf 70' lang='grc' dir='ltr'><em>αὐτὴν</em></span> <span class='ocrx_word' id='word_1_56' title='bbox 1606 391 1698 439; x_wconf 87' lang='grc' dir='ltr'><em>δέειν</em></span> 
     </span>
     <span class='ocr_line' id='line_1_23' title="bbox 353 464 1698 530; baseline 0.004 -20"><span class='ocrx_word' id='word_1_57' title='bbox 353 472 378 492; x_wconf 82' lang='grc'><strong>“</strong></span> <span class='ocrx_word' id='word_1_58' title='bbox 401 466 637 518; x_wconf 78' lang='grc' dir='ltr'><em>κτισθῆναι·</em></span> <span class='ocrx_word' id='word_1_59' title='bbox 664 464 775 527; x_wconf 79' lang='grc' dir='ltr'><em>ὑμεῖς</em></span> <span class='ocrx_word' id='word_1_60' title='bbox 800 465 852 520; x_wconf 77' lang='grc' dir='ltr'><em>δὲ,</em></span> <span class='ocrx_word' id='word_1_61' title='bbox 878 466 1112 528; x_wconf 86' lang='grc' dir='ltr'><em>συμμάχων</em></span> <span class='ocrx_word' id='word_1_62' title='bbox 1143 464 1295 511; x_wconf 73' lang='grc' dir='ltr'><em>τοιῶνδε</em></span> <span class='ocrx_word' id='word_1_63' title='bbox 1317 467 1601 527; x_wconf 83' lang='grc' dir='ltr'><em>μουνωθέντες,</em></span> <span class='ocrx_word' id='word_1_64' title='bbox 1625 486 1698 530; x_wconf 90' lang='grc' dir='ltr'><em>με-</em></span> 
     </span>
     <span class='ocr_line' id='line_1_24' title="bbox 353 540 1029 604; baseline 0.001 -18"><span class='ocrx_word' id='word_1_65' title='bbox 353 549 378 568; x_wconf 89' lang='grc'><strong>“</strong></span> <span class='ocrx_word' id='word_1_66' title='bbox 401 542 603 604; x_wconf 76' lang='grc' dir='ltr'><em>μνησεσθε</em></span> <span class='ocrx_word' id='word_1_67' title='bbox 626 546 701 588; x_wconf 78' lang='grc' dir='ltr'><em>τῶν</em></span> <span class='ocrx_word' id='word_1_68' title='bbox 725 543 826 604; x_wconf 77' lang='grc' dir='ltr'><em>ἐμῶν</em></span> <span class='ocrx_word' id='word_1_69' title='bbox 860 540 1029 601; x_wconf 87' lang='grc' dir='ltr'><em>λόγων.”</em></span> 
     </span>
    </p>

    <p class='ocr_par' dir='ltr' id='par_1_5' title="bbox 351 617 1700 1065">
     <span class='ocr_line' id='line_1_25' title="bbox 416 617 1699 681; baseline 0.002 -17"><span class='ocrx_word' id='word_1_70' title='bbox 416 633 561 665; x_wconf 87' lang='lat' dir='ltr'><strong>LXIII.</strong></span> <span class='ocrx_word' id='word_1_71' title='bbox 634 621 794 665; x_wconf 87' lang='grc' dir='ltr'><em>Ταῦτα</em></span> <span class='ocrx_word' id='word_1_72' title='bbox 819 617 859 665; x_wconf 81' lang='grc' dir='ltr'><em>δέ</em></span> <span class='ocrx_word' id='word_1_73' title='bbox 885 620 1197 681; x_wconf 80' lang='grc' dir='ltr'><em>Θεμιστοκλῆος</em></span> <span class='ocrx_word' id='word_1_74' title='bbox 1219 618 1421 677; x_wconf 87' lang='grc' dir='ltr'><em>λέγοντος,</em></span> <span class='ocrx_word' id='word_1_75' title='bbox 1447 619 1699 667; x_wconf 87' lang='grc' dir='ltr'><em>ἀνεδιδάσκε-</em></span> 
     </span>
     <span class='ocr_line' id='line_1_26' title="bbox 351 692 1698 759; baseline 0.001 -18"><span class='ocrx_word' id='word_1_76' title='bbox 351 714 398 742; x_wconf 94' lang='grc' dir='ltr'><em>το</em></span> <span class='ocrx_word' id='word_1_77' title='bbox 424 693 689 759; x_wconf 65' lang='grc' dir='ltr'><em>Εὐρυὲιάδης.</em></span> <span class='ocrx_word' id='word_1_78' title='bbox 726 695 868 742; x_wconf 78' lang='grc' dir='ltr'><em>δοκέειν</em></span> <span class='ocrx_word' id='word_1_79' title='bbox 905 694 945 741; x_wconf 86' lang='grc' dir='ltr'><em>δέ</em></span> <span class='ocrx_word' id='word_1_80' title='bbox 981 713 1068 756; x_wconf 90' lang='grc' dir='ltr'><em>μοι,</em></span> <span class='ocrx_word' id='word_1_81' title='bbox 1106 692 1334 758; x_wconf 75' lang='grc' dir='ltr'><em>ἀῤῥωδῇσας</em></span> <span class='ocrx_word' id='word_1_82' title='bbox 1372 695 1565 756; x_wconf 88' lang='grc' dir='ltr'><em>μάλιστα</em></span> <span class='ocrx_word' id='word_1_83' title='bbox 1602 696 1698 749; x_wconf 72' lang='grc' dir='ltr'><em>τούς</em></span> 
     </span>
     <span class='ocr_line' id='line_1_27' title="bbox 351 771 1700 836; baseline 0.001 -17"><span class='ocrx_word' id='word_1_84' title='bbox 351 771 609 826; x_wconf 85' lang='grc' dir='ltr'><em>Ἀθηναίους</em></span> <span class='ocrx_word' id='word_1_85' title='bbox 643 772 938 827; x_wconf 76' lang='grc' dir='ltr'><em>ἀνεδιδάσκετο,</em></span> <span class='ocrx_word' id='word_1_86' title='bbox 979 772 1038 834; x_wconf 77' lang='grc' dir='ltr'><em>μη</em></span> <span class='ocrx_word' id='word_1_87' title='bbox 1075 783 1202 830; x_wconf 86' lang='grc' dir='ltr'><em>σφεας</em></span> <span class='ocrx_word' id='word_1_88' title='bbox 1236 771 1486 827; x_wconf 75' lang='grc' dir='ltr'><em>ἀπολίπωσι,</em></span> <span class='ocrx_word' id='word_1_89' title='bbox 1526 774 1567 826; x_wconf 79' lang='grc' dir='ltr'><em>ἢν</em></span> <span class='ocrx_word' id='word_1_90' title='bbox 1603 772 1700 836; x_wconf 82' lang='grc' dir='ltr'><em>πρός</em></span> 
     </span>
     <span class='ocr_line' id='line_1_28' title="bbox 352 847 1696 915; baseline 0.001 -19"><span class='ocrx_word' id='word_1_91' title='bbox 352 848 418 896; x_wconf 77' lang='grc' dir='ltr'><em>τᾶν</em></span> <span class='ocrx_word' id='word_1_92' title='bbox 440 847 616 911; x_wconf 82' lang='grc' dir='ltr'><em>Ἰσθμόν</em></span> <span class='ocrx_word' id='word_1_93' title='bbox 640 850 774 912; x_wconf 71' lang='grc' dir='ltr'><em>ἀνάγῃ</em></span> <span class='ocrx_word' id='word_1_94' title='bbox 797 847 874 901; x_wconf 75' lang='grc' dir='ltr'><em>τοὶς</em></span> <span class='ocrx_word' id='word_1_95' title='bbox 899 852 1006 902; x_wconf 86' lang='grc' dir='ltr'><em>νῆας.</em></span> <span class='ocrx_word' id='word_1_96' title='bbox 1038 848 1318 895; x_wconf 69' lang='grc' dir='ltr'><em>ἀπολιπόντων</em></span> <span class='ocrx_word' id='word_1_97' title='bbox 1343 847 1425 912; x_wconf 78' lang='grc' dir='ltr'><em>γοὶρ</em></span> <span class='ocrx_word' id='word_1_98' title='bbox 1447 848 1696 915; x_wconf 83' lang='grc' dir='ltr'><em>Ἀθηναίων,</em></span> 
     </span>
     <span class='ocr_line' id='line_1_29' title="bbox 354 925 1700 990; baseline 0.002 -19"><span class='ocrx_word' id='word_1_99' title='bbox 354 926 486 972; x_wconf 82' lang='grc' dir='ltr'><em>οὐκέτι</em></span> <span class='ocrx_word' id='word_1_100' title='bbox 523 925 694 986; x_wconf 81' lang='grc' dir='ltr'><em>ἐγίνοντο</em></span> <span class='ocrx_word' id='word_1_101' title='bbox 729 925 955 987; x_wconf 78' lang='grc' dir='ltr'><em>ἀξιόμαχοι</em></span> <span class='ocrx_word' id='word_1_102' title='bbox 986 926 1033 971; x_wconf 65' lang='grc' dir='ltr'><em>ὀἱ</em></span> <span class='ocrx_word' id='word_1_103' title='bbox 1067 925 1219 972; x_wconf 91' lang='grc' dir='ltr'><em>λοιποί.</em></span> <span class='ocrx_word' id='word_1_104' title='bbox 1256 925 1408 979; x_wconf 75' lang='grc' dir='ltr'><em>ταύτην</em></span> <span class='ocrx_word' id='word_1_105' title='bbox 1449 925 1489 973; x_wconf 77' lang='grc' dir='ltr'><em>δὲ</em></span> <span class='ocrx_word' id='word_1_106' title='bbox 1526 926 1700 990; x_wconf 77' lang='grc' dir='ltr'><em>αἱρέεται</em></span> 
     </span>
     <span class='ocr_line' id='line_1_30' title="bbox 353 1002 1342 1065; baseline 0 -16"><span class='ocrx_word' id='word_1_107' title='bbox 353 1002 421 1056; x_wconf 78' lang='grc' dir='ltr'><em>τῆν</em></span> <span class='ocrx_word' id='word_1_108' title='bbox 447 1003 618 1065; x_wconf 78' lang='grc' dir='ltr'><em>γνώμην,</em></span> <span class='ocrx_word' id='word_1_109' title='bbox 644 1003 775 1049; x_wconf 81' lang='grc' dir='ltr'><em>αὐτοῦ</em></span> <span class='ocrx_word' id='word_1_110' title='bbox 796 1002 988 1065; x_wconf 84' lang='grc' dir='ltr'><em>μένοντας</em></span> <span class='ocrx_word' id='word_1_111' title='bbox 1012 1002 1342 1065; x_wconf 80' lang='grc' dir='ltr'><em>διαναυμαχέειν.</em></span> 
     </span>
    </p>

    <p class='ocr_par' dir='ltr' id='par_1_6' title="bbox 352 1078 1702 1751">
     <span class='ocr_line' id='line_1_31' title="bbox 420 1078 1699 1143; baseline 0 -17"><span class='ocrx_word' id='word_1_112' title='bbox 420 1096 554 1126; x_wconf 85' lang='lat' dir='ltr'>LXIV.</span> <span class='ocrx_word' id='word_1_113' title='bbox 628 1080 757 1127; x_wconf 78' lang='grc' dir='ltr'><em>Οὕτω</em></span> <span class='ocrx_word' id='word_1_114' title='bbox 780 1079 851 1141; x_wconf 78' lang='grc' dir='ltr'><em>μὲν</em></span> <span class='ocrx_word' id='word_1_115' title='bbox 875 1081 915 1126; x_wconf 83' lang='grc' dir='ltr'><em>οἱ</em></span> <span class='ocrx_word' id='word_1_116' title='bbox 943 1079 1029 1143; x_wconf 73' lang='grc' dir='ltr'><em>περὶ</em></span> <span class='ocrx_word' id='word_1_117' title='bbox 1064 1079 1304 1143; x_wconf 82' lang='grc' dir='ltr'><em>Σαλαμῖνα,</em></span> <span class='ocrx_word' id='word_1_118' title='bbox 1342 1079 1453 1126; x_wconf 73' lang='grc' dir='ltr'><em>ἔπεσι</em></span> <span class='ocrx_word' id='word_1_119' title='bbox 1487 1078 1699 1143; x_wconf 66' lang='grc' dir='ltr'><em>ἀκροέολι-</em></span> 
     </span>
     <span class='ocr_line' id='line_1_32' title="bbox 354 1154 1701 1219; baseline 0.001 -17"><span class='ocrx_word' id='word_1_120' title='bbox 354 1157 532 1219; x_wconf 87' lang='grc' dir='ltr'><em>σάμενοι,</em></span> <span class='ocrx_word' id='word_1_121' title='bbox 558 1156 650 1203; x_wconf 91' lang='grc' dir='ltr'><em>ἐπεί</em></span> <span class='ocrx_word' id='word_1_122' title='bbox 667 1175 710 1203; x_wconf 91' lang='grc' dir='ltr'><em>τε</em></span> <span class='ocrx_word' id='word_1_123' title='bbox 749 1154 982 1219; x_wconf 66' lang='grc' dir='ltr'><em>Εὑρυὲιάδη</em></span> <span class='ocrx_word' id='word_1_124' title='bbox 1024 1156 1140 1211; x_wconf 76' lang='grc' dir='ltr'><em>ἐ’δοξε,</em></span> <span class='ocrx_word' id='word_1_125' title='bbox 1183 1157 1314 1202; x_wconf 81' lang='grc' dir='ltr'><em>αὐτοῦ</em></span> <span class='ocrx_word' id='word_1_126' title='bbox 1349 1156 1701 1219; x_wconf 81' lang='grc' dir='ltr'><em>παρεσκευάζοντο</em></span> 
     </span>
     <span class='ocr_line' id='line_1_33' title="bbox 352 1231 1701 1296; baseline -0.001 -17"><span class='ocrx_word' id='word_1_127' title='bbox 352 1234 403 1285; x_wconf 76' lang='grc' dir='ltr'><em>ὠς</em></span> <span class='ocrx_word' id='word_1_128' title='bbox 437 1234 782 1296; x_wconf 78' lang='grc' dir='ltr'><em>ναυμαχησοντες.</em></span> <span class='ocrx_word' id='word_1_129' title='bbox 821 1232 941 1296; x_wconf 78' lang='grc' dir='ltr'><em>ἡμέρη</em></span> <span class='ocrx_word' id='word_1_130' title='bbox 977 1251 1020 1279; x_wconf 87' lang='grc' dir='ltr'><em>τε</em></span> <span class='ocrx_word' id='word_1_131' title='bbox 1058 1232 1220 1292; x_wconf 87' lang='grc' dir='ltr'><em>ἐγίνετο,</em></span> <span class='ocrx_word' id='word_1_132' title='bbox 1258 1231 1334 1278; x_wconf 75' lang='grc' dir='ltr'><em>καὶ</em></span> <span class='ocrx_word' id='word_1_133' title='bbox 1370 1232 1470 1294; x_wconf 77' lang='grc' dir='ltr'><em>οἵμα</em></span> <span class='ocrx_word' id='word_1_134' title='bbox 1506 1236 1564 1294; x_wconf 71' lang='grc' dir='ltr'><em>τῷ</em></span> <span class='ocrx_word' id='word_1_135' title='bbox 1603 1234 1701 1295; x_wconf 78' lang='grc' dir='ltr'><em>ἡλίῳ</em></span> 
     </span>
     <span class='ocr_line' id='line_1_34' title="bbox 353 1307 1701 1372; baseline 0.001 -18"><span class='ocrx_word' id='word_1_136' title='bbox 353 1309 498 1355; x_wconf 80' lang='grc' dir='ltr'><em>ἀνιόντι</em></span> <span class='ocrx_word' id='word_1_137' title='bbox 523 1308 683 1371; x_wconf 76' lang='grc' dir='ltr'><em>σεισμὸς</em></span> <span class='ocrx_word' id='word_1_138' title='bbox 713 1309 864 1368; x_wconf 86' lang='grc' dir='ltr'><em>ἐγένετο</em></span> <span class='ocrx_word' id='word_1_139' title='bbox 889 1308 923 1354; x_wconf 78' lang='grc' dir='ltr'><em>ἔν</em></span> <span class='ocrx_word' id='word_1_140' title='bbox 947 1327 990 1355; x_wconf 89' lang='grc' dir='ltr'><em>τε</em></span> <span class='ocrx_word' id='word_1_141' title='bbox 1015 1310 1064 1371; x_wconf 68' lang='grc' dir='ltr'><em>τῇ</em></span> <span class='ocrx_word' id='word_1_142' title='bbox 1091 1311 1146 1371; x_wconf 74' lang='grc' dir='ltr'><em>γῆ</em></span> <span class='ocrx_word' id='word_1_143' title='bbox 1171 1307 1246 1355; x_wconf 71' lang='grc' dir='ltr'><em>καὶ</em></span> <span class='ocrx_word' id='word_1_144' title='bbox 1268 1312 1321 1371; x_wconf 79' lang='grc' dir='ltr'><em>τῆ</em></span> <span class='ocrx_word' id='word_1_145' title='bbox 1345 1310 1561 1372; x_wconf 78' lang='grc' dir='ltr'><em>θαλάσσῃ.</em></span> <span class='ocrx_word' id='word_1_146' title='bbox 1599 1309 1701 1365; x_wconf 76' lang='grc' dir='ltr'><em>ἔδοξε</em></span> 
     </span>
     <span class='ocr_line' id='line_1_35' title="bbox 353 1385 1702 1444; baseline 0.001 -12"><span class='ocrx_word' id='word_1_147' title='bbox 353 1385 393 1432; x_wconf 90' lang='grc' dir='ltr'><em>δέ</em></span> <span class='ocrx_word' id='word_1_148' title='bbox 435 1398 505 1444; x_wconf 87' lang='grc' dir='ltr'><em>σφι</em></span> <span class='ocrx_word' id='word_1_149' title='bbox 547 1385 750 1440; x_wconf 75' lang='grc' dir='ltr'><em>εὔξασθαι</em></span> <span class='ocrx_word' id='word_1_150' title='bbox 786 1391 887 1432; x_wconf 82' lang='grc' dir='ltr'><em>τοῖσι</em></span> <span class='ocrx_word' id='word_1_151' title='bbox 928 1388 1069 1441; x_wconf 79' lang='grc' dir='ltr'><em>θεοῖσι,</em></span> <span class='ocrx_word' id='word_1_152' title='bbox 1110 1385 1186 1432; x_wconf 74' lang='grc' dir='ltr'><em>καὶ</em></span> <span class='ocrx_word' id='word_1_153' title='bbox 1220 1385 1558 1433; x_wconf 88' lang='grc' dir='ltr'><em>ἐπικαλέσασθαι</em></span> <span class='ocrx_word' id='word_1_154' title='bbox 1605 1385 1702 1440; x_wconf 69' lang='grc' dir='ltr'><em>τοὺς</em></span> 
     </span>
     <span class='ocr_line' id='line_1_36' title="bbox 354 1462 1699 1525; baseline 0.001 -16"><span class='ocrx_word' id='word_1_155' title='bbox 354 1463 570 1515; x_wconf 81' lang='grc' dir='ltr'><em>Αἰακίδας</em></span> <span class='ocrx_word' id='word_1_156' title='bbox 594 1464 859 1525; x_wconf 74' lang='grc' dir='ltr'><em>συμμάχους.</em></span> <span class='ocrx_word' id='word_1_157' title='bbox 893 1464 944 1515; x_wconf 79' lang='grc' dir='ltr'><em>ὦς</em></span> <span class='ocrx_word' id='word_1_158' title='bbox 968 1463 1007 1509; x_wconf 86' lang='grc' dir='ltr'><em>δέ</em></span> <span class='ocrx_word' id='word_1_159' title='bbox 1031 1475 1102 1522; x_wconf 88' lang='grc' dir='ltr'><em>σφι</em></span> <span class='ocrx_word' id='word_1_160' title='bbox 1127 1463 1243 1518; x_wconf 75' lang='grc' dir='ltr'><em>ἔδοξε,</em></span> <span class='ocrx_word' id='word_1_161' title='bbox 1268 1462 1344 1509; x_wconf 74' lang='grc' dir='ltr'><em>καὶ</em></span> <span class='ocrx_word' id='word_1_162' title='bbox 1367 1463 1518 1510; x_wconf 78' lang='grc' dir='ltr'><em>ἐποίευν</em></span> <span class='ocrx_word' id='word_1_163' title='bbox 1541 1467 1699 1510; x_wconf 83' lang='grc' dir='ltr'><em>ταῦτα.</em></span> 
     </span>
     <span class='ocr_line' id='line_1_37' title="bbox 352 1538 1701 1602; baseline 0 -16"><span class='ocrx_word' id='word_1_164' title='bbox 352 1541 554 1602; x_wconf 77' lang='grc' dir='ltr'><em>εὐξάμενοι</em></span> <span class='ocrx_word' id='word_1_165' title='bbox 581 1538 663 1602; x_wconf 71' lang='grc' dir='ltr'><em>γὰρ</em></span> <span class='ocrx_word' id='word_1_166' title='bbox 687 1540 792 1585; x_wconf 77' lang='grc' dir='ltr'><em>πᾶσι</em></span> <span class='ocrx_word' id='word_1_167' title='bbox 815 1544 916 1585; x_wconf 80' lang='grc' dir='ltr'><em>τοῖσι</em></span> <span class='ocrx_word' id='word_1_168' title='bbox 943 1541 1084 1594; x_wconf 81' lang='grc' dir='ltr'><em>θεοῖσι,</em></span> <span class='ocrx_word' id='word_1_169' title='bbox 1120 1539 1296 1585; x_wconf 80' lang='grc' dir='ltr'><em>αὐτόθεν</em></span> <span class='ocrx_word' id='word_1_170' title='bbox 1336 1538 1408 1602; x_wconf 75' lang='grc' dir='ltr'><em>μὲν</em></span> <span class='ocrx_word' id='word_1_171' title='bbox 1433 1541 1478 1586; x_wconf 85' lang='grc' dir='ltr'><em>ἐκ</em></span> <span class='ocrx_word' id='word_1_172' title='bbox 1504 1538 1701 1602; x_wconf 77' lang='grc' dir='ltr'><em>Σαλαμῖ-</em></span> 
     </span>
     <span class='ocr_line' id='line_1_38' title="bbox 352 1614 1700 1676; baseline 0.001 -16"><span class='ocrx_word' id='word_1_173' title='bbox 352 1634 411 1668; x_wconf 88' lang='grc' dir='ltr'><em>νος</em></span> <span class='ocrx_word' id='word_1_174' title='bbox 438 1617 607 1662; x_wconf 78' lang='grc' dir='ltr'><em>Αἴαντά</em></span> <span class='ocrx_word' id='word_1_175' title='bbox 629 1634 674 1661; x_wconf 91' lang='grc' dir='ltr'><em>τε</em></span> <span class='ocrx_word' id='word_1_176' title='bbox 697 1614 773 1661; x_wconf 72' lang='grc' dir='ltr'><em>καὶ</em></span> <span class='ocrx_word' id='word_1_177' title='bbox 798 1618 1036 1676; x_wconf 76' lang='grc' dir='ltr'><em>Τελαμῶνα</em></span> <span class='ocrx_word' id='word_1_178' title='bbox 1061 1615 1343 1661; x_wconf 84' lang='grc' dir='ltr'><em>ἐπεκαλέοντο·</em></span> <span class='ocrx_word' id='word_1_179' title='bbox 1380 1614 1447 1662; x_wconf 73' lang='grc' dir='ltr'><em>ἐπὶ</em></span> <span class='ocrx_word' id='word_1_180' title='bbox 1471 1614 1511 1662; x_wconf 77' lang='grc' dir='ltr'><em>δὲ</em></span> <span class='ocrx_word' id='word_1_181' title='bbox 1537 1614 1700 1662; x_wconf 74' lang='grc' dir='ltr'><em>Αἰακὸν</em></span> 
     </span>
     <span class='ocr_line' id='line_1_39' title="bbox 352 1691 1699 1751; baseline 0.001 -13"><span class='ocrx_word' id='word_1_182' title='bbox 352 1692 426 1738; x_wconf 72' lang='grc' dir='ltr'><em>καὶ</em></span> <span class='ocrx_word' id='word_1_183' title='bbox 461 1692 555 1745; x_wconf 73' lang='grc' dir='ltr'><em>τούς</em></span> <span class='ocrx_word' id='word_1_184' title='bbox 594 1693 750 1743; x_wconf 70' lang='grc' dir='ltr'><em>ἄλλους</em></span> <span class='ocrx_word' id='word_1_185' title='bbox 786 1691 1001 1744; x_wconf 85' lang='grc' dir='ltr'><em>Αἰακίδας</em></span> <span class='ocrx_word' id='word_1_186' title='bbox 1035 1695 1108 1745; x_wconf 86' lang='grc' dir='ltr'><em>νῆα</em></span> <span class='ocrx_word' id='word_1_187' title='bbox 1143 1691 1393 1738; x_wconf 89' lang='grc' dir='ltr'><em>ἀπέστελλον</em></span> <span class='ocrx_word' id='word_1_188' title='bbox 1430 1693 1468 1744; x_wconf 88' lang='grc' dir='ltr'><em>ἐς</em></span> <span class='ocrx_word' id='word_1_189' title='bbox 1503 1692 1699 1751; x_wconf 73' lang='grc' dir='ltr'><em>Αἴγιναν.</em></span> 
     </span>
    </p>

    <p class='ocr_par' dir='ltr' id='par_1_7' title="bbox 351 1766 1703 2446">
     <span class='ocr_line' id='line_1_40' title="bbox 417 1766 1699 1831; baseline 0 -16"><span class='ocrx_word' id='word_1_190' title='bbox 417 1785 528 1816; x_wconf 79' lang='lat' dir='ltr'><strong>LXV.</strong></span> <span class='ocrx_word' id='word_1_191' title='bbox 592 1770 705 1826; x_wconf 77' lang='grc' dir='ltr'><em>’Ἑφη</em></span> <span class='ocrx_word' id='word_1_192' title='bbox 731 1767 770 1815; x_wconf 77' lang='grc' dir='ltr'><em>δὲ</em></span> <span class='ocrx_word' id='word_1_193' title='bbox 798 1769 977 1820; x_wconf 82' lang='grc' dir='ltr'><em>Δικαῖος</em></span> <span class='ocrx_word' id='word_1_194' title='bbox 1015 1768 1037 1814; x_wconf 87' lang='lat' dir='ltr'><em>o‘</em></span> <span class='ocrx_word' id='word_1_195' title='bbox 1068 1768 1305 1823; x_wconf 68' lang='grc' dir='ltr'><em>Θεοκύδεος,</em></span> <span class='ocrx_word' id='word_1_196' title='bbox 1341 1767 1433 1831; x_wconf 78' lang='grc' dir='ltr'><em>ἀνῆρ</em></span> <span class='ocrx_word' id='word_1_197' title='bbox 1456 1766 1699 1825; x_wconf 81' lang='grc' dir='ltr'><em>Ἀθηναῖος,</em></span> 
     </span>
     <span class='ocr_line' id='line_1_41' title="bbox 352 1843 1694 1909; baseline -0.001 -16"><span class='ocrx_word' id='word_1_198' title='bbox 352 1847 492 1906; x_wconf 87' lang='grc' dir='ltr'><em>φυγάς</em></span> <span class='ocrx_word' id='word_1_199' title='bbox 515 1865 557 1893; x_wconf 91' lang='grc' dir='ltr'><em>τε</em></span> <span class='ocrx_word' id='word_1_200' title='bbox 580 1845 656 1891; x_wconf 72' lang='grc' dir='ltr'><em>καὶ</em></span> <span class='ocrx_word' id='word_1_201' title='bbox 679 1843 795 1909; x_wconf 76' lang='grc' dir='ltr'><em>παρα</em></span> <span class='ocrx_word' id='word_1_202' title='bbox 822 1845 1000 1898; x_wconf 68' lang='grc' dir='ltr'><em>Μήδοισι</em></span> <span class='ocrx_word' id='word_1_203' title='bbox 1023 1844 1198 1907; x_wconf 80' lang='grc' dir='ltr'><em>λόγιμος</em></span> <span class='ocrx_word' id='word_1_204' title='bbox 1220 1844 1424 1907; x_wconf 86' lang='grc' dir='ltr'><em>γενόμενος</em></span> <span class='ocrx_word' id='word_1_205' title='bbox 1454 1850 1595 1892; x_wconf 82' lang='grc' dir='ltr'><em>τοῦτον</em></span> <span class='ocrx_word' id='word_1_206' title='bbox 1627 1844 1694 1892; x_wconf 78' lang='grc' dir='ltr'><em>τᾶν</em></span> 
     </span>
     <span class='ocr_line' id='line_1_42' title="bbox 351 1921 1703 1987; baseline 0.001 -18"><span class='ocrx_word' id='word_1_207' title='bbox 351 1923 498 1987; x_wconf 86' lang='grc' dir='ltr'><em>χρόνον·</em></span> <span class='ocrx_word' id='word_1_208' title='bbox 537 1930 564 1951; x_wconf 82' lang='grc'><strong>“</strong></span> <span class='ocrx_word' id='word_1_209' title='bbox 587 1923 677 1969; x_wconf 87' lang='grc' dir='ltr'><em>ἐπεί</em></span> <span class='ocrx_word' id='word_1_210' title='bbox 706 1942 749 1969; x_wconf 90' lang='grc' dir='ltr'><em>τε</em></span> <span class='ocrx_word' id='word_1_211' title='bbox 781 1922 947 1986; x_wconf 86' lang='grc' dir='ltr'><em>ἐκείρετο</em></span> <span class='ocrx_word' id='word_1_212' title='bbox 981 1923 1004 1976; x_wconf 79' lang='grc' dir='ltr'><em>ἦ</em></span> <span class='ocrx_word' id='word_1_213' title='bbox 1027 1921 1215 1975; x_wconf 73' lang='grc' dir='ltr'><em>Ἀττικὴ</em></span> <span class='ocrx_word' id='word_1_214' title='bbox 1238 1923 1345 1986; x_wconf 78' lang='grc' dir='ltr'><em>χώρη</em></span> <span class='ocrx_word' id='word_1_215' title='bbox 1371 1921 1452 1969; x_wconf 82' lang='grc' dir='ltr'><em>ὑπὸ</em></span> <span class='ocrx_word' id='word_1_216' title='bbox 1476 1927 1550 1969; x_wconf 86' lang='grc' dir='ltr'><em>τοῦ</em></span> <span class='ocrx_word' id='word_1_217' title='bbox 1573 1923 1703 1986; x_wconf 83' lang='grc' dir='ltr'><em>πεζοῦ</em></span> 
     </span>
     <span class='ocr_line' id='line_1_43' title="bbox 352 1999 1701 2064; baseline 0 -17"><span class='ocrx_word' id='word_1_218' title='bbox 352 2005 529 2064; x_wconf 82' lang='grc' dir='ltr'><em>στρατοῦ</em></span> <span class='ocrx_word' id='word_1_219' title='bbox 552 2004 627 2046; x_wconf 82' lang='grc' dir='ltr'><em>τοῦ</em></span> <span class='ocrx_word' id='word_1_220' title='bbox 652 1999 820 2063; x_wconf 77' lang='grc' dir='ltr'><em>Ξέρξεω,</em></span> <span class='ocrx_word' id='word_1_221' title='bbox 847 2000 969 2045; x_wconf 86' lang='grc' dir='ltr'><em>ἐοῦσα</em></span> <span class='ocrx_word' id='word_1_222' title='bbox 995 1999 1134 2062; x_wconf 87' lang='grc' dir='ltr'><em>ἐρῆμος</em></span> <span class='ocrx_word' id='word_1_223' title='bbox 1168 1999 1422 2054; x_wconf 87' lang='grc' dir='ltr'><em>Ἀθηναίων,</em></span> <span class='ocrx_word' id='word_1_224' title='bbox 1450 2005 1585 2059; x_wconf 83' lang='grc' dir='ltr'><em>τυχεῖν</em></span> <span class='ocrx_word' id='word_1_225' title='bbox 1607 1999 1701 2047; x_wconf 85' lang='grc' dir='ltr'><em>τότε</em></span> 
     </span>
     <span class='ocr_line' id='line_1_44' title="bbox 353 2075 1702 2140; baseline -0.001 -16"><span class='ocrx_word' id='word_1_226' title='bbox 353 2077 416 2125; x_wconf 70' lang='grc' dir='ltr'><em>ἐῶν</em></span> <span class='ocrx_word' id='word_1_227' title='bbox 442 2078 539 2139; x_wconf 74' lang='grc' dir='ltr'><em>ἅμα</em></span> <span class='ocrx_word' id='word_1_228' title='bbox 568 2077 808 2139; x_wconf 64' lang='grc' dir='ltr'><em>Δημαρήτῳ</em></span> <span class='ocrx_word' id='word_1_229' title='bbox 830 2078 887 2137; x_wconf 67' lang='grc' dir='ltr'><em>τῷ</em></span> <span class='ocrx_word' id='word_1_230' title='bbox 915 2075 1232 2138; x_wconf 86' lang='grc' dir='ltr'><em>Λακεδαιμονίῳ</em></span> <span class='ocrx_word' id='word_1_231' title='bbox 1268 2077 1303 2122; x_wconf 86' lang='grc' dir='ltr'><em>ἐν</em></span> <span class='ocrx_word' id='word_1_232' title='bbox 1338 2078 1395 2138; x_wconf 70' lang='grc' dir='ltr'><em>τῷ</em></span> <span class='ocrx_word' id='word_1_233' title='bbox 1422 2076 1608 2140; x_wconf 87' lang='grc' dir='ltr'><em>Θριασίῳ</em></span> <span class='ocrx_word' id='word_1_234' title='bbox 1630 2094 1702 2123; x_wconf 87' lang='grc' dir='ltr'><em>πε-</em></span> 
     </span>
     <span class='ocr_line' id='line_1_45' title="bbox 353 2151 1698 2217; baseline -0.001 -17"><span class='ocrx_word' id='word_1_235' title='bbox 353 2154 436 2217; x_wconf 88' lang='grc' dir='ltr'><em>δίῳ·</em></span> <span class='ocrx_word' id='word_1_236' title='bbox 465 2153 553 2200; x_wconf 82' lang='grc' dir='ltr'><em>ἷδεῑν</em></span> <span class='ocrx_word' id='word_1_237' title='bbox 585 2152 624 2199; x_wconf 79' lang='grc' dir='ltr'><em>δὲ</em></span> <span class='ocrx_word' id='word_1_238' title='bbox 647 2151 839 2216; x_wconf 73' lang='grc' dir='ltr'><em>κονιορτόν</em></span> <span class='ocrx_word' id='word_1_239' title='bbox 869 2152 1069 2216; x_wconf 85' lang='grc' dir='ltr'><em>χωρέοντα</em></span> <span class='ocrx_word' id='word_1_240' title='bbox 1097 2151 1183 2199; x_wconf 82' lang='grc' dir='ltr'><em>ἀπό</em></span> <span class='ocrx_word' id='word_1_241' title='bbox 1217 2152 1458 2207; x_wconf 79' lang='grc' dir='ltr'><em>Ἐλευσῖνος,</em></span> <span class='ocrx_word' id='word_1_242' title='bbox 1483 2153 1534 2205; x_wconf 80' lang='grc' dir='ltr'><em>ὦς</em></span> <span class='ocrx_word' id='word_1_243' title='bbox 1557 2152 1698 2216; x_wconf 70' lang='grc' dir='ltr'><em>ἀνδρῶν</em></span> 
     </span>
     <span class='ocr_line' id='line_1_46' title="bbox 351 2228 1700 2294; baseline 0 -18"><span class='ocrx_word' id='word_1_244' title='bbox 351 2231 545 2294; x_wconf 90' lang='grc' dir='ltr'><em>μάλιστά</em></span> <span class='ocrx_word' id='word_1_245' title='bbox 568 2250 619 2284; x_wconf 88' lang='grc' dir='ltr'><em>κη</em></span> <span class='ocrx_word' id='word_1_246' title='bbox 642 2230 888 2293; x_wconf 89' lang='grc' dir='ltr'><em>τρισμυρίων·</em></span> <span class='ocrx_word' id='word_1_247' title='bbox 912 2229 1238 2293; x_wconf 77' lang='grc' dir='ltr'><em>ἀποθωυμάζειν</em></span> <span class='ocrx_word' id='word_1_248' title='bbox 1276 2229 1320 2276; x_wconf 90' lang='grc' dir='ltr'><em>τέ</em></span> <span class='ocrx_word' id='word_1_249' title='bbox 1363 2241 1490 2288; x_wconf 89' lang='grc' dir='ltr'><em>σφεας</em></span> <span class='ocrx_word' id='word_1_250' title='bbox 1525 2228 1592 2276; x_wconf 82' lang='grc' dir='ltr'><em>τόν</em></span> <span class='ocrx_word' id='word_1_251' title='bbox 1630 2248 1700 2276; x_wconf 89' lang='grc' dir='ltr'><em>κο-</em></span> 
     </span>
     <span class='ocr_line' id='line_1_47' title="bbox 353 2306 1697 2372; baseline -0.001 -18"><span class='ocrx_word' id='word_1_252' title='bbox 353 2306 507 2372; x_wconf 72' lang='grc' dir='ltr'><em>νιορτὸν,</em></span> <span class='ocrx_word' id='word_1_253' title='bbox 532 2306 645 2353; x_wconf 76' lang='grc' dir='ltr'><em>ὅτεών</em></span> <span class='ocrx_word' id='word_1_254' title='bbox 669 2325 762 2353; x_wconf 91' lang='grc' dir='ltr'><em>κοτε</em></span> <span class='ocrx_word' id='word_1_255' title='bbox 787 2311 840 2360; x_wconf 81' lang='grc' dir='ltr'><em>ε’ίη</em></span> <span class='ocrx_word' id='word_1_256' title='bbox 864 2307 1098 2370; x_wconf 76' lang='grc' dir='ltr'><em>ἀνθρώπων,</em></span> <span class='ocrx_word' id='word_1_257' title='bbox 1137 2306 1212 2353; x_wconf 74' lang='grc' dir='ltr'><em>καὶ</em></span> <span class='ocrx_word' id='word_1_258' title='bbox 1244 2306 1379 2370; x_wconf 86' lang='grc' dir='ltr'><em>πρόκα</em></span> <span class='ocrx_word' id='word_1_259' title='bbox 1419 2325 1462 2353; x_wconf 91' lang='grc' dir='ltr'><em>τε</em></span> <span class='ocrx_word' id='word_1_260' title='bbox 1501 2310 1624 2365; x_wconf 88' lang='grc' dir='ltr'><em>φωνῆς</em></span> <span class='ocrx_word' id='word_1_261' title='bbox 1647 2307 1697 2353; x_wconf 86' lang='grc' dir='ltr'><em>ἀ-</em></span> 
     </span>
     <span class='ocr_line' id='line_1_48' title="bbox 351 2382 1693 2446; baseline 0 -16"><span class='ocrx_word' id='word_1_262' title='bbox 351 2385 493 2440; x_wconf 72' lang='grc' dir='ltr'><em>κούειν,</em></span> <span class='ocrx_word' id='word_1_263' title='bbox 518 2384 600 2430; x_wconf 88' lang='grc' dir='ltr'><em>καί</em></span> <span class='ocrx_word' id='word_1_264' title='bbox 617 2385 657 2430; x_wconf 82' lang='grc' dir='ltr'><em>οἱ</em></span> <span class='ocrx_word' id='word_1_265' title='bbox 675 2383 894 2442; x_wconf 85' lang='grc' dir='ltr'><em>φαίνεσθαι</em></span> <span class='ocrx_word' id='word_1_266' title='bbox 929 2383 996 2438; x_wconf 84' lang='grc' dir='ltr'><em>τῆν</em></span> <span class='ocrx_word' id='word_1_267' title='bbox 1037 2383 1158 2443; x_wconf 73' lang='grc' dir='ltr'><em>φωνην</em></span> <span class='ocrx_word' id='word_1_268' title='bbox 1182 2384 1277 2430; x_wconf 79' lang='grc' dir='ltr'><em>εἷναι</em></span> <span class='ocrx_word' id='word_1_269' title='bbox 1301 2382 1367 2430; x_wconf 81' lang='grc' dir='ltr'><em>τόν</em></span> <span class='ocrx_word' id='word_1_270' title='bbox 1384 2383 1582 2446; x_wconf 78' lang='grc' dir='ltr'><em>μυστικὸν</em></span> <span class='ocrx_word' id='word_1_271' title='bbox 1600 2388 1693 2430; x_wconf 74' lang='grc' dir='ltr'><em>ἴακ-</em></span> 
     </span>
    </p>
   </div>
   <div class='ocr_carea' id='block_1_5' title="bbox 1722 551 1788 614">
    <p class='ocr_par' dir='ltr' id='par_1_8' title="bbox 1722 551 1788 614">
     <span class='ocr_line' id='line_1_49' title="bbox 1722 551 1788 614; baseline 0 -24"><span class='ocrx_word' id='word_1_272' title='bbox 1722 551 1788 614; x_wconf 48' lang='grc' dir='ltr'><em>Ἰ10</em></span> 
     </span>
    </p>
   </div>
   <div class='ocr_carea' id='block_1_6' title="bbox 352 2459 1785 2524">
    <p class='ocr_par' dir='ltr' id='par_1_9' title="bbox 352 2459 1785 2524">
     <span class='ocr_line' id='line_1_50' title="bbox 352 2459 1785 2524; baseline 0.001 -17"><span class='ocrx_word' id='word_1_273' title='bbox 352 2480 438 2522; x_wconf 89' lang='grc' dir='ltr'><em>χον.</em></span> <span class='ocrx_word' id='word_1_274' title='bbox 481 2461 576 2508; x_wconf 75' lang='grc' dir='ltr'><em>εἶναι</em></span> <span class='ocrx_word' id='word_1_275' title='bbox 601 2461 634 2507; x_wconf 89' lang='grc' dir='ltr'><em>δ’</em></span> <span class='ocrx_word' id='word_1_276' title='bbox 663 2460 878 2523; x_wconf 72' lang='grc' dir='ltr'><em>ἀδαημονα</em></span> <span class='ocrx_word' id='word_1_277' title='bbox 903 2465 977 2507; x_wconf 78' lang='grc' dir='ltr'><em>τῶν</em></span> <span class='ocrx_word' id='word_1_278' title='bbox 1012 2461 1093 2524; x_wconf 74' lang='grc' dir='ltr'><em>ἱρῶν</em></span> <span class='ocrx_word' id='word_1_279' title='bbox 1126 2464 1201 2506; x_wconf 75' lang='grc' dir='ltr'><em>τῶν</em></span> <span class='ocrx_word' id='word_1_280' title='bbox 1225 2461 1260 2506; x_wconf 88' lang='grc' dir='ltr'><em>ἐν</em></span> <span class='ocrx_word' id='word_1_281' title='bbox 1291 2459 1491 2507; x_wconf 83' lang='grc' dir='ltr'><em>Ἐλευσῖνι</em></span> <span class='ocrx_word' id='word_1_282' title='bbox 1514 2459 1580 2507; x_wconf 76' lang='grc' dir='ltr'><em>τᾶν</em></span> <span class='ocrx_word' id='word_1_283' title='bbox 1607 2460 1697 2515; x_wconf 68' lang='grc' dir='ltr'><em>Δηι-</em></span> <span class='ocrx_word' id='word_1_284' title='bbox 1726 2469 1785 2508; x_wconf 93' lang='grc'><em>10</em></span> 
     </span>
    </p>
   </div>
   <div class='ocr_carea' id='block_1_7' title="bbox 352 2536 1696 2754">
    <p class='ocr_par' dir='ltr' id='par_1_10' title="bbox 352 2536 1696 2754">
     <span class='ocr_line' id='line_1_51' title="bbox 352 2536 1695 2602; baseline -0.001 -17"><span class='ocrx_word' id='word_1_285' title='bbox 352 2540 544 2602; x_wconf 87' lang='grc' dir='ltr'><em>μάρητον,</em></span> <span class='ocrx_word' id='word_1_286' title='bbox 582 2538 765 2602; x_wconf 87' lang='grc' dir='ltr'><em>εἰ’ρεσθαί</em></span> <span class='ocrx_word' id='word_1_287' title='bbox 780 2557 824 2585; x_wconf 90' lang='grc' dir='ltr'><em>τε</em></span> <span class='ocrx_word' id='word_1_288' title='bbox 850 2537 972 2585; x_wconf 80' lang='grc' dir='ltr'><em>αὐτὸν</em></span> <span class='ocrx_word' id='word_1_289' title='bbox 995 2536 1018 2584; x_wconf 78' lang='grc' dir='ltr'>ὅ</span> <span class='ocrx_word' id='word_1_290' title='bbox 1039 2557 1078 2584; x_wconf 91' lang='grc' dir='ltr'><em>τι</em></span> <span class='ocrx_word' id='word_1_291' title='bbox 1102 2536 1151 2584; x_wconf 79' lang='grc' dir='ltr'>τὸ</span> <span class='ocrx_word' id='word_1_292' title='bbox 1174 2537 1456 2600; x_wconf 90' lang='grc' dir='ltr'><em>φθεγγόμενον</em></span> <span class='ocrx_word' id='word_1_293' title='bbox 1479 2542 1534 2592; x_wconf 75' lang='grc' dir='ltr'><em>εἴη</em></span> <span class='ocrx_word' id='word_1_294' title='bbox 1556 2542 1695 2584; x_wconf 86' lang='grc' dir='ltr'><em>τοῦτο·</em></span> 
     </span>
     <span class='ocr_line' id='line_1_52' title="bbox 353 2612 1696 2678; baseline 0 -18"><span class='ocrx_word' id='word_1_295' title='bbox 353 2614 478 2668; x_wconf 73' lang='grc' dir='ltr'><em>αὐτὸς</em></span> <span class='ocrx_word' id='word_1_296' title='bbox 502 2614 541 2661; x_wconf 79' lang='grc' dir='ltr'><em>δὲ</em></span> <span class='ocrx_word' id='word_1_297' title='bbox 567 2615 692 2662; x_wconf 69' lang='grc' dir='ltr'><em>εἶπαι·</em></span> <span class='ocrx_word' id='word_1_298' title='bbox 735 2621 763 2640; x_wconf 90' lang='grc'>“</span> <span class='ocrx_word' id='word_1_299' title='bbox 791 2615 1029 2678; x_wconf 79' lang='grc' dir='ltr'><em>Δημάρητε,</em></span> <span class='ocrx_word' id='word_1_300' title='bbox 1072 2614 1146 2659; x_wconf 82' lang='grc' dir='ltr'><em>οὐκ</em></span> <span class='ocrx_word' id='word_1_301' title='bbox 1168 2612 1252 2660; x_wconf 77' lang='grc' dir='ltr'><em>ἔστι</em></span> <span class='ocrx_word' id='word_1_302' title='bbox 1290 2612 1391 2666; x_wconf 75' lang='grc' dir='ltr'><em>ὅκως</em></span> <span class='ocrx_word' id='word_1_303' title='bbox 1423 2615 1468 2660; x_wconf 86' lang='grc' dir='ltr'><em>οὐ</em></span> <span class='ocrx_word' id='word_1_304' title='bbox 1499 2613 1616 2676; x_wconf 87' lang='grc' dir='ltr'><em>μέγα</em></span> <span class='ocrx_word' id='word_1_305' title='bbox 1656 2633 1696 2660; x_wconf 92' lang='grc' dir='ltr'><em>τι</em></span> 
     </span>
     <span class='ocr_line' id='line_1_53' title="bbox 355 2689 1692 2754; baseline -0.001 -16"><span class='ocrx_word' id='word_1_306' title='bbox 355 2698 384 2718; x_wconf 86' lang='grc'><strong>“</strong></span> <span class='ocrx_word' id='word_1_307' title='bbox 408 2697 506 2744; x_wconf 79' lang='grc' dir='ltr'><em>σῑνος</em></span> <span class='ocrx_word' id='word_1_308' title='bbox 543 2692 658 2738; x_wconf 74' lang='grc' dir='ltr'><em>ἔσται</em></span> <span class='ocrx_word' id='word_1_309' title='bbox 699 2694 749 2754; x_wconf 79' lang='grc' dir='ltr'><em>τῆ</em></span> <span class='ocrx_word' id='word_1_310' title='bbox 790 2693 991 2754; x_wconf 75' lang='grc' dir='ltr'><em>βασιλῆος</em></span> <span class='ocrx_word' id='word_1_311' title='bbox 1029 2693 1209 2754; x_wconf 69' lang='grc' dir='ltr'><em>στρατιῇ.</em></span> <span class='ocrx_word' id='word_1_312' title='bbox 1247 2690 1346 2737; x_wconf 89' lang='grc' dir='ltr'><em>τάδε</em></span> <span class='ocrx_word' id='word_1_313' title='bbox 1387 2689 1470 2754; x_wconf 79' lang='grc' dir='ltr'><em>γοὶρ</em></span> <span class='ocrx_word' id='word_1_314' title='bbox 1504 2689 1692 2754; x_wconf 89' lang='grc' dir='ltr'><em>ἀρίδηλα,</em></span> 
     </span>
    </p>
   </div>
   <div class='ocr_carea' id='block_1_8' title="bbox 355 2765 1695 2875">
    <p class='ocr_par' dir='ltr' id='par_1_11' title="bbox 355 2765 1695 2875">
     <span class='ocr_line' id='line_1_54' title="bbox 355 2765 1695 2831; baseline -0.002 -16"><span class='ocrx_word' id='word_1_315' title='bbox 355 2774 384 2795; x_wconf 87' lang='grc'><strong>“</strong></span> <span class='ocrx_word' id='word_1_316' title='bbox 409 2769 552 2831; x_wconf 77' lang='grc' dir='ltr'><em>ἐρημου</em></span> <span class='ocrx_word' id='word_1_317' title='bbox 575 2768 710 2822; x_wconf 72' lang='grc' dir='ltr'><em>ἐούσης</em></span> <span class='ocrx_word' id='word_1_318' title='bbox 740 2771 810 2821; x_wconf 88' lang='grc' dir='ltr'><em>τῆς</em></span> <span class='ocrx_word' id='word_1_319' title='bbox 834 2767 1053 2823; x_wconf 76' lang='grc' dir='ltr'><em>Ἀττικῆς,</em></span> <span class='ocrx_word' id='word_1_320' title='bbox 1078 2765 1139 2813; x_wconf 83' lang='grc' dir='ltr'><em>ὅτι</em></span> <span class='ocrx_word' id='word_1_321' title='bbox 1175 2769 1280 2815; x_wconf 79' lang='grc' dir='ltr'><em>θεῖον</em></span> <span class='ocrx_word' id='word_1_322' title='bbox 1315 2765 1365 2814; x_wconf 70' lang='lat' dir='ltr'><em>en&gt;</em></span> <span class='ocrx_word' id='word_1_323' title='bbox 1400 2766 1695 2829; x_wconf 86' lang='grc' dir='ltr'><em>φθεγγόμενον,</em></span> 
     </span>
     <span class='ocr_line' id='line_1_55' title="bbox 1088 2847 1109 2875; baseline 0 0"><span class='ocrx_word' id='word_1_324' title='bbox 1088 2847 1109 2875; x_wconf 88' lang='lat'><em>5</em></span> 
     </span>
    </p>
   </div>
  </div>
 </body>
</html>
