1805 3151
119 291 308 323 toniatarum

118 333 159 363 de
172 335 229 364 hoc
243 335 307 365 bel-

120 375 151 406 lo
165 378 308 414 narratio,

346 169 409 208 20
775 158 1247 208 HERODOTI

346 310 385 337 σι
408 294 571 344 ποιῆσαι
598 289 758 354 Δωριέα
781 309 825 338 τε
848 289 923 337 καὶ
945 289 1039 343 τούς
1077 288 1167 352 μετ’
1193 290 1337 335 αὐτοῦ.
1409 291 1679 352 Κροτωνιῆται

347 369 386 417 δέ
410 370 545 416 οὐδένα
569 369 680 428 σφίσι
704 370 806 428 φασὶ
827 373 938 424 ξεῖνον
961 367 1340 433 προσεπιλαὲέσθαι
1380 372 1454 414 τοῦ
1477 366 1572 431 πρὸς
1598 367 1679 415 Συ-

347 444 517 508 ἔαρίτας
551 445 749 508 πολέμου,
793 447 824 492 εἰ
856 445 914 508 μὴ
942 445 1128 498 Καλλίην
1168 448 1243 490 τῶν
1281 443 1494 505 Ἰαμιδέων
1533 445 1679 505 μάντιν

345 518 507 566 Ἠλεῖον
529 524 685 582 μοῦνον·
719 519 795 567 καὶ
815 525 956 567 τοῦτον
995 519 1129 583 τρόπῳ
1168 519 1319 580 τοιῷδε.
1361 517 1477 582 παροὶ
1517 520 1680 572 Τηλυος
1708 526 1768 564 10

345 601 420 643 τοῦ
444 595 694 660 Συὲαριτέων
716 598 902 660 τυράννου
926 596 1161 659 ἀποδράντα
1195 594 1427 642 ἀπικέσθαι
1451 593 1566 658 παροὶ
1589 595 1683 652 σφέ-

345 692 409 729 ας,
437 674 586 720 ἐπείτε
609 674 650 719 οἱ
665 672 723 720 τοὶ
757 672 821 737 ἱροὶ
863 673 908 719 οὐ
943 674 1155 736 προεχώρεε
1191 670 1352 735 χρηστοὶ
1390 671 1574 734 θυομένῳ
1614 670 1681 718 ἐπὶ

348 749 550 812 Κρότωνα·
572 754 713 796 ταῦτα
738 748 777 796 δὲ
800 749 849 796 ὧν
874 747 983 796 οὗτοι
1005 748 1181 808 λέγουσι.

399 842 522 873 XLV.
563 825 785 889 Μαρτύρια
823 825 862 872 δὲ
885 825 1052 872 τουτέων
1077 825 1253 888 ἑκάτεροι
1278 823 1582 871 ἀποδεικνύουσι
1604 826 1680 872 τά-

342 904 396 950 δε.
469 902 696 966 Συὲαρῖται
718 902 802 965 μὲν,
826 902 986 965 τέμενός
1008 921 1051 949 τε
1076 901 1148 949 καὶ
1185 901 1263 955 νηόν
1303 901 1418 948 ἐόντα
1459 900 1575 964 παροὶ
1614 901 1681 948 τὸν

340 977 444 1042 ξηρὰν
471 980 661 1042 Κρᾶστιν,
685 977 752 1025 τὸν
775 976 1023 1059 ἱδρέσασθαι
1047 977 1260 1024 συνελόντα
1283 975 1351 1030 τὴν
1374 976 1491 1023 πόλιν
1519 977 1681 1040 Δωριέα

339 1055 503 1115 λέγουσι
543 1055 755 1118 Ἀθηναίη
794 1021 1232 1117 ἐπαᾝῖἤαστιή·
1281 1058 1403 1100 τοῦτο
1445 1052 1498 1109 δὲ,
1550 1055 1681 1101 αὐτοῦ

295 1181 301 1183 ,
342 1131 516 1195 Δωριέος
537 1130 602 1178 τδν
626 1132 806 1178 θάνατον
828 1130 1040 1195 μαρτύριον
1063 1130 1254 1192 μέγιστον
1278 1134 1498 1185 ποιεῦνται,
1519 1128 1579 1176 ὅτι
1598 1149 1681 1177 πα-
1737 1138 1769 1178 5

339 1207 389 1272 ροὶ
412 1207 469 1254 τοὶ
490 1207 804 1270 μεμαντευμένα
827 1207 962 1254 ποιέων
986 1206 1195 1270 διεφθάρη.
1233 1208 1265 1253 εἰ
1303 1204 1386 1269 γάρ
1409 1205 1454 1259 δὴ
1476 1205 1535 1268 μὴ
1559 1206 1681 1270 παρέ-

340 1287 456 1348 πρηξε
479 1283 611 1347 μηδὲν,
636 1285 697 1330 ἐπ’
724 1282 758 1345 ᾦ
780 1283 820 1330 δέ
843 1284 994 1337 ἐστάλη
1018 1283 1155 1339 ἐποίεε,
1179 1281 1256 1329 εἷλε
1281 1281 1329 1328 ἀν
1367 1281 1434 1335 τὴν
1473 1282 1680 1346 Ἐρυκίνην

338 1361 478 1422 χώρην,
503 1358 578 1404 καὶ
601 1359 694 1404 ἑλῶν
716 1359 911 1419 κατέσχε,
949 1357 1027 1404 οὐδ’
1054 1357 1102 1404 ἂν
1127 1357 1251 1410 αὐτός
1273 1376 1315 1404 τε
1339 1356 1414 1403 καὶ
1451 1359 1474 1411 ἡ
1509 1357 1678 1421 στρατιὴ

337 1434 546 1497 διεφθάρη.
627 1436 691 1480 Οἱ
709 1434 742 1480 δ’
765 1433 821 1481 αὖ
842 1437 1111 1497 Κροτωνιῆται
1135 1434 1393 1480 ἀποδεικνῦσι
1420 1434 1588 1497 Καλλίῃ
1604 1434 1676 1497 μὲν

336 1514 393 1573 τῷ
415 1510 574 1573 Ἠλείῳ
596 1510 778 1574 ἐξαίρετα
802 1512 837 1557 ἐν
860 1513 916 1574 γῇ
938 1513 990 1573 τῇ
1018 1510 1295 1574 Κροτωνιητιδι
1319 1509 1461 1557 πολλοὶ
1485 1510 1674 1569 δοθέντα,
1706 1521 1765 1560 10

335 1587 392 1635 τοὶ
415 1587 489 1634 καὶ
512 1589 549 1640 ἐς
567 1589 635 1650 ἐμὲ
655 1588 711 1634 ἔτι
736 1588 911 1651 ἐνέμοντο
935 1589 975 1633 οἱ
996 1588 1188 1634 Καλλίεω
1215 1587 1424 1647 ἀπόγονοι·
1465 1588 1618 1652 Δωριέϊ
1634 1588 1676 1636 δὲ

333 1663 409 1711 καὶ
438 1669 538 1710 τοῖσι
576 1664 749 1727 Δωριέος
772 1664 1019 1724 ἀπογόνοισι,
1044 1664 1161 1711 οὐδέν·
1200 1664 1372 1720 καίτοι,
1405 1665 1438 1711 εἰ
1459 1667 1677 1713 συνεπελά-

336 1741 426 1789 ἓετό
451 1760 498 1801 γε
521 1746 595 1788 τοῦ
620 1740 896 1805 Συὲαριτικοῦ
919 1742 1101 1804 πολέμου
1127 1741 1318 1805 Δωριεὺς,
1360 1743 1527 1797 δοθῆναι
1567 1744 1616 1790 οἵν
1639 1746 1681 1791 οἱ

333 1819 634 1871 πολλαπλησια
656 1818 678 1870 ἢ
708 1817 885 1880 Καλλίῃ.
925 1821 1067 1863 ταῦτα
1106 1817 1177 1879 μέν
1215 1836 1277 1863 νυν
1318 1817 1494 1883 ἑκάτεροι
1519 1820 1670 1867 αὐτέων

288 1933 291 1935 .
332 1893 535 1957 μαρτύρια
559 1894 869 1952 ἀποφαίνονται·
894 1893 969 1940 καὶ
992 1895 1160 1958 πάρεστι
1198 1893 1416 1958 ὁκοτέροισί
1448 1916 1510 1949 τις
1545 1897 1670 1945 mme-
1700 1906 1759 1945 15

113 2057 296 2097 Expedjtio-

110 2101 158 2130 nis
176 2100 273 2130 Sicili-

112 2143 193 2174 ensis
210 2143 310 2173 exitus

110 2185 226 2220 infelix,
242 2186 310 2216 Do-

109 2229 227 2269 rieique
242 2239 277 2258 ac

112 2281 268 2302 semorum

111 2314 263 2344 interitus.

115 2357 209 2387 Unus
230 2366 268 2386 ex

110 2400 242 2431 ducibus
259 2409 311 2428 su-

109 2448 225 2483 perstes
242 2442 310 2471 Eu-

110 2486 218 2525 ryleon
236 2484 299 2514 Mi-

110 2537 203 2558 noam
223 2537 258 2556 ac

114 2571 260 2601 Selinun-

109 2621 185 2649 tem,
201 2622 293 2642 occu-

108 2663 170 2696 pat,
186 2655 283 2685 brevi-

110 2709 172 2739 que
186 2704 255 2737 post
278 2707 296 2727 a

113 2740 294 2772 Selinuntiis

110 2783 301 2816 interficitur.

333 1989 404 2016 ται
428 1970 588 2026 αὐτέων,
612 1969 789 2017 τούτοισι
814 1971 1077 2035 προσχωρέειν.

397 2062 527 2093 XLVI.
549 2047 767 2094 Συνέπλεον
792 2047 831 2094 δὲ
849 2047 1000 2112 Δωριέῖ
1015 2047 1090 2094 καὶ
1113 2048 1234 2095 ἄλλοι
1258 2050 1509 2110 συγκτίσται
1530 2051 1672 2117 Σπαρ-

332 2123 502 2189 τιητέων,
530 2122 745 2177 Θεσσαλὸς
766 2124 841 2170 καὶ
865 2123 1139 2189 Παραιὲάτης
1160 2125 1236 2173 καὶ
1262 2127 1412 2182 Κελέης
1441 2127 1518 2175 καὶ
1541 2130 1671 2193 Εὐρυ-

331 2199 436 2246 λέων·
461 2199 499 2246 οἳ
518 2200 608 2247 ἐπεί
624 2219 667 2246 τε
691 2200 886 2247 ἀπίκοντο
909 2201 1035 2248 παντὶ
1057 2201 1188 2265 στόλῳ
1211 2204 1248 2255 ἐς
1265 2203 1332 2257 τὴν
1353 2203 1548 2260 Σικελίην,
1568 2205 1669 2253 ἀπέ-

333 2278 455 2323 θανον
476 2277 599 2339 μάχη
622 2277 857 2331 ἑσσωθέντες
880 2277 959 2324 ὑπό
992 2297 1035 2325 τε
1071 2279 1266 2325 Φοινίκων
1301 2279 1377 2326 καὶ
1398 2281 1666 2341 Ἐγεσταίων·

332 2356 474 2414 μοῦνος
498 2353 536 2399 δέ
561 2372 608 2412 γε
633 2353 836 2416 Εὐρυλέων
860 2358 934 2400 τῶν
957 2355 1228 2414 συγκτιστέων
1259 2356 1498 2419 περιεγένετο
1521 2358 1668 2405 τούτου
1724 2367 1755 2407 5

333 2433 406 2474 τοῦ
428 2430 596 2481 πάθεος.
632 2427 844 2476 συλλαὲὠν
882 2429 921 2477 δὲ
961 2428 1076 2484 οὗτος
1115 2435 1184 2485 τῆς
1223 2436 1412 2495 στρατιῆς
1446 2433 1541 2487 τούς
1563 2453 1667 2498 περι-

334 2504 574 2566 γενομένους,
617 2503 709 2565 ἐσχε
753 2506 910 2559 Μινώην
949 2505 1016 2560 τήν
1059 2505 1312 2554 Σελινουσίων
1349 2508 1550 2563 ἀποικίην·
1590 2509 1668 2557 καὶ

333 2580 608 2644 συνελευθέρου
670 2582 941 2636 Σελινουσίους
980 2589 1054 2630 τοῦ
1096 2586 1328 2649 μουνάρχου
1382 2588 1661 2652 Πειθαγόρεω.

332 2654 442 2716 μετοὶ
479 2656 531 2712 δὲ,
571 2659 621 2710 ὧς
656 2662 795 2705 τοῦτον
831 2663 1009 2716 κατεῖλε,
1044 2659 1169 2713 αὐτὸς
1204 2663 1403 2726 τυραννίδι
1443 2665 1665 2729 ἐπεχείρησε

336 2731 597 2792 Σελινοῦντος,
622 2734 697 2782 καὶ
720 2737 985 2801 ἐμουνάρχησε
1009 2737 1140 2802 χρόνον
1177 2737 1239 2786 ἐπ’
1265 2739 1413 2800 ὀλίγον·
1437 2741 1477 2787 οἱ
1495 2741 1576 2805 γάρ
1597 2760 1666 2804 μιν
1694 2750 1755 2789 10
