1836 3156
491 178 940 228 CALLIOPE
988 178 1082 228 IX.
1400 183 1494 239 299

142 312 279 359 οἵλλων
318 315 393 358 τῶν
433 311 652 374 παρεόντων
691 312 891 365 Ἑλληνων
932 312 970 363 ἐς
1004 309 1214 375 Ἐρυθρὰς
1248 309 1490 370 ταχθέντες,
1520 312 1721 387 δῑξιῑὲξνθῐῗιῗ

141 388 236 442 τούς
258 388 431 444 τοξότας
453 388 746 452 προσελόμενοι.
772 388 1015 451 μαχομένων
1040 388 1080 434 δέ
1104 400 1227 447 σφεων
1251 386 1319 434 ἐπὶ
1340 382 1491 451 χρόνον,
1519 367 1603 449 {ltus
1621 368 1723 431 Pgrsi-

141 467 257 520 τέλος
279 466 423 514 τοιόνδε
447 466 600 526 ἐγένετο
625 470 695 520 τῆς
728 467 885 529 μάχης.
958 464 1278 529 Προσὲαλούσης
1317 468 1388 518 τῆς
1425 465 1491 511 ἵπ-
1519 452 1556 474 ⁶¹⁸

51 550 82 590 5
139 561 219 590 που
241 542 360 590 κατοὶ
383 543 518 599 τέλεα,
555 542 577 588 ὁ
601 542 841 589 Μασιστίου
866 541 1042 605 προέχων
1081 546 1156 588 τῶν
1196 541 1331 587 οἵλλων
1366 540 1493 593 ἵππος

135 621 348 684 βάλλεται
383 620 606 683 τοξεύματι
629 619 688 667 τοὶ
722 620 894 683 πλευρά·
931 620 1124 680 ἀλγησας
1158 617 1211 674 δὲ,
1248 617 1427 665 ἵσταταί
1448 637 1492 665 τε

139 696 269 761 ὅρθὸς,
294 697 370 744 καὶ
400 698 636 745 ἀποσείεται
670 696 736 744 τόν
774 696 1023 743 Μασίστιον.
1064 695 1224 743 πεσόντι
1248 694 1287 742 δὲ
1311 697 1426 757 αὐτῷ
1458 697 1499 742 οἱ

138 773 362 827 Ἀθηναῖοι
404 774 562 821 αὐτίκα
597 773 809 822 ἐπεκέατο·
835 773 900 820 τόν
924 792 967 820 τε
993 772 1038 826 δὴ
1062 772 1186 818 ἵππον
1222 772 1354 818 αὐτοῦ
1377 780 1493 834 λαμ-

139 847 315 905 Quotam,
352 849 427 897 καὶ
462 849 585 897 αύτὸν
619 850 864 913 ἀμυνόμενον
887 850 1098 905 κτείνουσι,
1135 846 1232 895 κατ’
1271 845 1406 911 ἀρχοὶς
1445 846 1492 892 οὐ

51 934 114 973 10
137 926 359 990 δυνάμενοι.
396 927 653 974 ἐνεσκεύαστο
678 926 760 990 γοὶρ
794 926 914 974 οὕτω·
948 925 1053 979 ἐντός
1075 925 1244 988 θώρηκα
1276 924 1358 984 εἶχε
1392 923 1491 987 χρύ-

136 1020 218 1051 σεον
262 1003 494 1050 λεπιδωτόν·
527 1003 754 1066 κατύπερθε
789 1002 829 1049 δὲ
869 1007 944 1049 τοῦ
979 1003 1175 1065 θώρηκος,
1212 1004 1361 1046 κιθῶνα
1403 1012 1489 1058 φοι-

134 1080 254 1127 νίκεον
294 1079 502 1126 ἐνδεδύκεε.
538 1078 758 1131 τύπτοντες
793 1077 832 1125 δὲ
869 1079 906 1131 ἐς
945 1077 1012 1125 τᾶν
1036 1079 1222 1141 θώρηκα,
1248 1076 1401 1124 ἐποίευν
1424 1077 1489 1123 ού-

134 1155 208 1203 δέν·
245 1156 332 1220 πρίν
368 1175 416 1216 γε
440 1155 486 1209 δη
519 1157 671 1218 μαθών
693 1174 755 1209 τις
778 1154 826 1202 τὸ
850 1155 1090 1218 ποιεύμενον,
1115 1154 1229 1201 παίει
1269 1173 1337 1217 μιν
1362 1155 1399 1207 ἐς
1422 1152 1489 1201 τόν

133 1232 359 1295 ὀφθαλμόν.
397 1232 501 1279 οὕτω
537 1232 582 1286 δὴ
618 1232 731 1280 ἐ’πεσέ
755 1251 799 1280 τε
822 1231 898 1279 καὶ
920 1233 1110 1280 ἀπέθανε.
1161 1234 1321 1278 Ταῦτα
1346 1231 1385 1277 δέ
1408 1250 1488 1284 κως

50 1317 107 1356 15
133 1309 322 1372 γινόμενα
357 1310 542 1364 ἐλεληθεε
576 1309 672 1363 τούς
705 1310 859 1363 οἵλλους
894 1309 1061 1362 ἱππέας·
1097 1308 1187 1356 οὔτε
1228 1307 1310 1372 Ιγοὶρ
1350 1309 1489 1356 πεσόν-

132 1405 189 1433 τα
229 1405 298 1449 μιν
345 1386 442 1433 εἶδον
477 1385 565 1433 ἀπο
600 1391 675 1434 τοῦ
707 1387 856 1442 ἵππου,
896 1385 986 1434 οὔτε
1022 1387 1353 1440 ἀποθνησκοντα·
1388 1387 1488 1433 ἀνα-

131 1463 323 1527 χωρησιός
344 1483 388 1511 τε
413 1465 616 1528 γινομένης
637 1463 713 1511 καὶ
737 1464 1004 1528 ὑποστροφῆς,
1043 1465 1118 1510 οὐκ
1158 1463 1304 1525 ἔμαθον
1336 1462 1385 1510 τὸ
1420 1482 1488 1524 γε-

131 1541 297 1604 νόμενον.
336 1542 428 1589 ἐπεί
452 1560 496 1588 τε
535 1541 575 1588 δὲ
607 1541 790 1598 ἔστησαν,
824 1542 982 1588 αὐτίκα
1016 1541 1233 1596 ἐπόθεσαν,
1269 1540 1320 1594 ὥς
1365 1552 1493 1600 σφεας

131 1618 255 1671 οὐδεὶς
284 1617 327 1672 ἧν
360 1618 381 1665 o‘
414 1620 587 1666 τάσσων.
617 1618 827 1682 μαθόντες
861 1618 901 1666 δὲ
952 1618 1000 1666 τὸ
1052 1617 1232 1679 γεγονός,
1282 1618 1491 1665 διακελευ-

48 1703 111 1742 20
133 1696 312 1758 σάμενοι,
349 1695 520 1748 ἤλαυνον
554 1695 649 1748 τους
680 1696 833 1750 ἵππους
867 1697 1031 1752 πάντες,
1068 1697 1119 1748 ὦς
1159 1695 1207 1741 οἵν
1253 1694 1319 1740 τόν
1355 1713 1403 1755 γε
1437 1713 1492 1741 νε-

129 1771 217 1837 κρόν
242 1772 471 1820 ἀνελοίατο.

195 1865 342 1897 ΧΧΙΙΙ.
386 1849 557 1902 Ἰδόντες
597 1849 637 1896 δὲ
678 1851 719 1896 οἱ
753 1847 978 1904 Ἀθηναῖοι
1021 1848 1155 1896 οὐκέτι
1205 1846 1324 1896 κατά
1365 1847 1489 1895 τέλεα
1516 1852 1715 1885 Acerrimum

128 1926 472 1989 προσελαύνοντας
507 1924 603 1978 τούς
637 1925 804 1981 ἱππέας,
841 1926 939 1972 ἀλλ’
956 1960 965 1963 „
980 1926 1080 1988 ἅμα
1115 1926 1291 1981 πάντας,
1316 1925 1385 1979 τὴν
1410 1925 1487 1972 οἵλ-
1510 1906 1688 1970 Ξὲἓὲἷοεῖἒὸ

130 2012 200 2057 λην
235 2001 425 2066 στρατιην
460 2001 728 2050 ἐπεῐὲώσαντο.
767 2004 802 2050 ἐν
824 2000 858 2066 ᾦ
880 2002 920 2050 δὲ
945 2003 966 2048 ὁ
988 2002 1113 2066 πεζός
1135 2003 1255 2057 δέπας
1279 2002 1426 2060 ἐξώθεε,
1451 2005 1487 2051 ἐν
1509 1983 1664 2057 gssssffl

1509 2069 1637 2100 tandem

127 2078 260 2142 τούτῳ
299 2080 422 2142 μάχη
458 2079 563 2134 ὀξεῖα
603 2079 691 2144 περὶ
729 2084 804 2127 τοῦ
840 2083 973 2143 νεκροῦ
1017 2080 1183 2140 γίνεται.
1218 2079 1286 2133 ἕως
1318 2080 1390 2143 μέν
1425 2100 1486 2127 νυν
1509 2123 1583 2142 cum
1598 2123 1715 2154 magna

78 2165 106 2204 5
132 2161 269 2221 μοῦνοι
312 2156 405 2203 ἐ’σαν
442 2158 482 2203 οἱ
511 2157 736 2220 τριηκόσιοι,
773 2156 957 2204 ἑσσοῦντό
982 2176 1025 2204 τε
1049 2155 1214 2213 πολλὸν,
1247 2157 1323 2204 καὶ
1344 2157 1410 2204 τὸν
1434 2177 1487 2205 νε-
1510 2163 1612 2197 strage
1627 2156 1700 2188 fusi.

127 2233 218 2299 κρὸν
241 2232 476 2281 ἀπέλειπον·
513 2235 564 2287 ώς
588 2234 628 2281 δέ
652 2247 722 2293 σφι
747 2233 796 2282 τὸ
818 2238 970 2289 πλῆθος
994 2232 1286 2290 ἐπεζοηθησαν,
1311 2234 1416 2282 οὕτω
1441 2235 1487 2289 δὴ

131 2309 265 2358 οὐκέτι
300 2312 341 2356 οἱ
369 2310 548 2357 ἱππόται
585 2310 902 2373 ὑπέμενον,”οὐδέ
927 2323 997 2370 σφι
1033 2311 1225 2372 ἐξεγένετο
1260 2309 1326 2358 τὸν
1362 2309 1487 2375 νεκρόν

130 2387 366 2443 ἀνελέσθαι,
402 2386 520 2434 ἀλλοὶ
560 2386 658 2451 προς
693 2387 821 2451 ἐκείνω
862 2388 1016 2442 ἄλλους
1057 2388 1371 2452 προσαπόλεσαν
1410 2392 1487 2435 τῶν

133 2465 296 2512 ἱππέων.
331 2465 637 2519 ἀποστησαντες
670 2463 718 2510 ὧν
753 2463 839 2511 ὅσον
863 2483 906 2512 τε
943 2464 1012 2512 δύο
1054 2465 1222 2521 στάδια,
1259 2463 1486 2512 ἐὲουλεύον-

48 2550 108 2589 10
130 2561 177 2589 το
213 2541 236 2587 ὅ
270 2561 310 2588 τι
347 2541 457 2605 χρεόν
498 2546 552 2596 εἵη
594 2542 749 2589 ποιέειν·
786 2542 914 2590 ἐδόκεε
939 2542 978 2590 δέ
1002 2555 1087 2601 σφι,
1112 2542 1307 2606 ἀναρχίης
1333 2541 1482 2597 ἐούσης,

131 2618 372 2666 ἀπελαύνειν
407 2618 523 2683 παροὶ
549 2619 791 2683 Μαρδόνιον.

197 2712 333 2743 XXIV.
383 2696 667 2759 Ἀπικομένης
704 2695 743 2744 δὲ
775 2700 845 2750 τῆς
876 2696 1006 2743 ἵππου
1041 2697 1079 2750 ἐς
1113 2695 1162 2744 τό
1195 2696 1484 2761 στρατόπεδον,
1509 2714 1663 2746 Publicus

133 2772 282 2827 πένθος
326 2774 565 2827 ἐποιὴσαντο
613 2773 854 2822 Μασιστίου
900 2774 1022 2822 ποῖσά
1062 2792 1105 2821 τε
1141 2775 1164 2828 ἦ
1200 2775 1369 2839 στρατιὴ
1409 2773 1484 2822 καὶ
1505 2757 1709 2834 gfrfflffifffi-

711 2892 716 2909 Χ
