1836 3156
262 142 283 168 4
860 131 1085 164 INDEX.

263 223 367 254 AEnea
380 223 463 258 urbs,
480 221 532 252 vii.
549 224 618 251 125.

263 265 488 297 AEnaeidemus
499 264 619 294 Pataici
628 262 718 299 filius,
729 261 852 292 satelles
864 262 949 302 Hip-

307 308 448 348 pocratis,
464 307 516 336 vii.
534 310 601 338 154.

267 350 492 382 AEnesidemus
508 349 662 380 Theronis
675 354 770 388 pater,
787 347 837 377 vii.
858 350 928 378 165.

265 395 420 434 AEuigma
436 393 621 432 Hipparcho
635 401 690 432 per
711 390 869 422 somnium
890 390 954 422 dic.

307 443 385 471 tum,
402 447 429 465 v.
448 439 496 466 56.

266 479 422 519 AEnigma
435 478 645 518 piscatorium,
662 477 693 508 ii.
710 480 761 509 55.

269 522 401 561 AEnyra,
416 522 511 561 regio,
528 521 567 551 vi.
584 525 634 551 47.

269 565 375 594 AEnus
389 566 471 600 urbs,
490 565 530 595 iv.
547 569 595 596 90.
610 563 661 594 vii.
676 567 727 594 58.

270 607 380 637 AEoles
407 607 527 637 invadit
557 608 691 642 Croesus,
714 606 733 636 i.
764 608 814 636 26.
840 614 954 645 eosque

309 650 444 690 subegit,
468 650 487 680 i.
503 654 533 680 6.
555 654 605 680 28.
623 651 705 689 Cyro
725 659 758 679 se
771 647 884 678 dedere
897 657 950 676 vo-

308 691 388 728 lunt,
411 692 431 722 i.
456 696 524 724 141.
549 692 658 723 AEoles
673 698 704 722 et
720 692 813 721 Iones
833 689 954 720 heredi-

307 735 379 765 tarii
403 736 566 776 Cambysis
588 735 674 768 servi,
697 735 730 764 ii.
753 738 780 764 1.
802 732 955 763 tributarii

311 778 421 814 Dario,
437 779 470 808 ii.
485 783 534 810 90.
549 779 626 809 olim
643 777 768 818 Pelasgi
781 776 891 811 vocati,
907 774 958 805 vii.

306 824 358 852 95.
372 832 482 852 eorum
497 831 582 851 sacra
596 827 627 850 et
640 819 834 859 pempobola,
851 819 884 849 ii.
903 822 957 850 37.

311 864 421 894 AEoles
444 864 525 894 circa
544 873 631 895 oram
655 863 789 893 Iliadem
811 862 894 902 capti
913 862 954 892 ab

311 907 457 946 Hymaee,
475 918 502 936 v.
522 910 591 937 122.

268 949 433 980 AEolenses
450 949 634 989 Mitylenaei,
654 960 682 978 v.
698 953 749 980 94.

270 992 404 1022 EEolum
417 993 451 1022 in
465 993 582 1022 Xerxis
597 992 692 1022 classe
707 1001 800 1027 arma,
817 990 868 1021 vii.
885 992 934 1022 95.

267 1035 379 1065 AEoles
396 1036 520 1066 Sestum
535 1042 683 1067 tenentes,
700 1034 742 1064 ix.
759 1038 829 1064 114.

267 1077 401 1108 AEolicae
415 1077 563 1108 undecim
578 1077 724 1111 civitates,
746 1077 767 1106 i.
782 1080 854 1107 149.

269 1120 402 1150 AEolicae
427 1120 566 1150 civitates
586 1118 738 1149 insulares
759 1119 906 1160 quinque,
933 1118 952 1149 i.

269 1206 402 1238 AEolicae
426 1213 458 1237 et
485 1207 603 1237 Ionicae
625 1206 753 1236 ditionis
777 1205 910 1242 collatio,
934 1204 954 1234 i.

312 1253 382 1281 149.

266 1292 468 1323 AEolidarum
479 1293 631 1332 oppidum
641 1292 815 1328 incensum,
830 1291 891 1321 viii.
902 1293 955 1322 55.

266 1335 378 1371 AEolis,
395 1335 435 1365 vi.
452 1339 522 1366 127.

263 1377 380 1407 AEolus
397 1378 594 1408 Athamantis
608 1383 703 1416 pater,
721 1377 771 1407 vii.
789 1380 859 1408 197.

266 1420 348 1450 AEor
361 1421 447 1460 apud
472 1422 601 1461 Scythas
614 1421 717 1451 virum
731 1419 892 1460 significat,
915 1419 955 1449 iv.

313 1467 324 1492 l
335 1467 381 1494 lo.

268 1506 430 1546 AEorpata,
461 1507 493 1537 id
525 1513 579 1542 est,
603 1506 746 1540 viricidae,
778 1506 955 1535 Amazones

309 1548 400 1579 dictae
414 1549 524 1590 lingua
542 1549 693 1588 Scythica,
709 1549 783 1579 ibid.

265 1589 486 1632 AEquabilitas,
508 1602 556 1621 res
571 1592 703 1631 egregia,
720 1602 748 1622 V.
764 1595 817 1622 78.

267 1635 425 1674 AEquitati
439 1635 587 1675 iniquitas
601 1635 707 1668 invisa,
728 1633 748 1663 i.
763 1637 813 1664 96.

268 1678 334 1707 A'e‘r
346 1678 571 1718 AEgyptiomm
582 1686 748 1717 nunquam
758 1675 952 1711 immutatur,

306 1720 339 1749 ii.
354 1723 406 1750 77.

267 1762 360 1792 A'elris
403 1763 578 1793 mutatione
621 1761 758 1792 existunt
799 1760 958 1800 praecipue

311 1806 421 1842 morbi,
437 1806 457 1834 i.
474 1809 522 1835 77.

267 1847 431 1878 AErarium
449 1847 699 1880 Atheniensium,
713 1846 763 1876 vii.
780 1849 849 1875 144.

265 1891 412 1929 Aeropus
427 1890 569 1920 Temeno
581 1896 681 1924 natus,
698 1889 762 1918 viii.
778 1892 848 1919 137.

266 1934 413 1972 Aeropus
429 1932 569 1971 Philippi
597 1931 689 1966 filius,
715 1931 836 1962 Alcetae
857 1936 952 1970 pater,

309 1975 371 2006 viil.
389 1979 458 2006 159.

266 2019 414 2058 A'e'ropus
428 2017 561 2048 Echemi
575 2023 670 2057 pater,
683 2016 724 2046 ix.
740 2020 790 2047 26.

269 2062 328 2091 AEs
343 2061 428 2101 apud
445 2061 611 2100 .Ethiopas
633 2059 776 2089 omnium
789 2059 955 2098 pretiosiss.

308 2111 340 2134 et
361 2104 562 2139 rarissimum,
587 2103 628 2132 iii.
644 2106 693 2133 23.
716 2102 802 2141 apud
826 2103 955 2142 Scythas

310 2157 376 2177 non
405 2153 451 2177 est
476 2146 509 2176 in
538 2157 606 2179 usu,
630 2145 669 2175 iv-
699 2148 748 2175 71.
774 2145 840 2185 ejus
866 2145 955 2184 copia

310 2190 397 2229 apud
423 2190 628 2228 Massageta5‚
658 2188 678 2216 i.
709 2191 780 2218 215.
808 2198 865 2227 pro
894 2198 954 2218 aere

311 2243 425 2262 aurum
439 2238 618 2262 mercantur
635 2230 801 2270 AEginetae,
824 2231 865 2259 ix.
882 2234 931 2262 79.

271 2276 357 2306 AEris
371 2274 464 2305 alieni
478 2274 599 2305 debitor
611 2273 776 2304 mendacio
789 2273 952 2309 obnoxius,

307 2318 327 2348 1.
346 2322 414 2348 138.

268 2360 328 2391 AEs
339 2361 477 2391 alienum
492 2360 611 2396 debere,
636 2359 721 2399 apud
735 2359 849 2390 Persas
862 2365 952 2398 turpe

309 2410 363 2439 est,
379 2404 400 2433 i.
418 2407 486 2434 138.

270 2446 358 2476 AEris
377 2446 471 2476 alieni
492 2446 613 2476 debitor
633 2445 763 2476 cadaver
783 2444 877 2483 patris
898 2443 951 2474 de-

309 2489 399 2528 ponit
414 2488 499 2528 apud
516 2487 691 2528 AEgypfios,
708 2487 739 2517 ii.
757 2491 825 2517 156.

269 2532 347 2562 AEre
361 2531 465 2561 alieno
484 2530 633 2561 liberatur
646 2529 730 2568 apud
748 2531 897 2569 Spartam,
921 2529 953 2559 in

308 2574 389 2614 regis
403 2574 500 2608 obitu,
518 2573 573 2613 qui
594 2579 649 2603 aut
662 2572 729 2612 regi
744 2578 800 2602 aut
819 2572 949 2610 reipub-

308 2617 377 2647 h'cae
401 2616 439 2646 sit
453 2616 625 2650 obstrictus,
648 2615 689 2645 vi.
702 2618 752 2646 59.
767 2621 803 2644 ut
826 2620 856 2644 et
870 2614 954 2654 apud

311 2659 430 2692 Persas.
453 2658 525 2688 ibid.

267 2702 354 2733 AEris
368 2701 484 2731 fodinae
499 2710 596 2740 prope
610 2699 797 2734 Prasiadem,
816 2710 844 2730 v.
862 2703 909 2731 17.

269 2744 359 2774 AErei
373 2743 430 2773 viri
452 2743 677 2774 Psammiticho
699 2742 899 2781 auxiliantur,
921 2741 953 2773 ii.

309 2790 379 2817 152.

267 2829 384 2860 AEreus
398 2828 523 2868 Jupiter
537 2834 569 2858 et
583 2829 761 2867 Neptunus,
779 2828 819 2858 ix.
833 2832 886 2859 80.

265 2874 401 2904 AEreum
410 2877 514 2902 totum
524 2871 684 2901 Mardonii
693 2881 838 2912 praesepe‚
851 2871 891 2902 ix.
901 2875 950 2904 69.

260 2914 419 2952 AEsanius,
445 2913 536 2946 Grini
550 2920 644 2954 pater,
659 2913 700 2947 iv.
717 2916 788 2946 150.

996 216 1170 253 AEschines,
1188 218 1346 249 Nothonis
1359 219 1450 253 filius,
1467 219 1505 250 vi.
1529 222 1598 249 loo.
1619 229 1687 250 non

1038 260 1112 291 sinit
1126 261 1367 292 Atheniensium
1376 262 1597 292 auxiliatorum
1606 273 1647 303 qu
1651 273 1682 292 a-

1036 309 1110 333 tuor
1123 303 1223 334 millia
1236 315 1343 335 secum
1355 307 1462 344 perire.
1485 305 1557 335 ibid.

997 347 1176 382 AEschreus,
1208 347 1398 386 Lycomedis
1424 354 1519 387 pater,
1544 348 1607 378 viii.
1632 350 1680 377 11.

997 389 1198 419 AEschrionia
1209 390 1316 425 tribus,
1337 390 1380 420 111.
1398 394 1447 421 26.

1001 431 1172 472 AEschylus
1187 431 1398 471 Euphorionis
1411 433 1506 471 filius,
1525 434 1557 464 ii.
1574 437 1645 466 156.

1001 475 1142 513 AEsopus
1155 474 1335 505 fabulanun
1347 475 1486 515 scriptor,
1502 476 1534 506 ii.
1553 481 1622 507 134.

998 517 1105 547 AEstas
1118 517 1174 546 ubi
1188 527 1309 556 semper
1322 517 1432 547 nubila
1445 525 1501 555 est,
1514 520 1554 549 iv.
1570 523 1621 551 28.

998 559 1130 590 AEstatis
1144 565 1176 589 et
1189 560 1300 589 hiemis
1315 559 1488 596 simulacra,
1501 561 1532 593 ii.
1550 566 1619 593 121.

998 602 1170 641 AEthiopiae
1180 612 1278 642 regno
1292 602 1377 633 solus
1391 603 1537 635 Sesostris
1549 606 1685 647 AEgypti

1037 655 1092 675 rex
1107 645 1231 683 potitus,
1247 645 1279 675 ii.
1297 649 1366 676 110.

999 687 1170 726 AEthiopiae
1193 687 1271 718 situs
1286 695 1452 724 extremus,
1476 689 1518 719 iii.
1536 694 1604 722 114.
1619 693 1685 733 ejus

1042 730 1207 803 desii-iptio
1221 737 1252 761 et
1265 741 1401 772 quarum
1415 742 1521 763 rerum
1534 733 1620 765 ferax
1634 736 1686 774 sit,

1041 773 1084 804 ibi

1001 817 1168 857 AEthiopes
1189 817 1346 857 quomodo
1366 817 1478 848 redditi
1498 821 1689 852 mansuetio-

1038 870 1096 896 res,
1119 860 1151 890 ii.
1166 863 1218 891 30.
1230 859 1379 899 pudenda
1393 861 1630 899 circumcidunt.
1653 864 1686 895 ii.

999 946 1165 985 AEthiopes
1193 947 1350 980 macrobii.
1377 947 1462 977 unde
1487 954 1554 978 tam
1582 949 1686 991 longae

1041 989 1121 1025 vitae,
1144 989 1185 1018 iii.
1204 994 1254 1020 25.
1275 990 1383 1030 quales
1404 991 1553 1027 homines,
1577 992 1621 1022 iii.
1636 998 1687 1024 20.

1041 1039 1097 1063 etc.
1118 1042 1228 1062 eorum
1242 1033 1323 1073 regis
1345 1044 1418 1063 cum
1434 1033 1684 1076 Ichthyophagi&

1041 1075 1205 1115 Cambysis
1226 1075 1338 1115 legatis
1366 1075 1530 1116 colloquia,
1562 1078 1605 1107 iii.
1635 1082 1686 1109 21.

1039 1121 1091 1147 22.
1108 1125 1163 1148 etc.
1174 1118 1320 1148 adversus
1335 1128 1388 1148 eos
1399 1119 1507 1149 infelix
1525 1119 1688 1161 Cambysis

1039 1159 1168 1197 bellum,
1184 1160 1227 1190 iii.
1244 1165 1293 1192 17.
1308 1164 1358 1192 25.
1373 1168 1426 1193 etc.

1001 1203 1166 1242 AEthiopos
1195 1203 1249 1233 alii
1279 1203 1422 1244 AEgypto
1453 1206 1639 1235 contermini
1668 1217 1687 1237 a

1044 1246 1198 1286 Cambyse
1219 1247 1349 1282 subacti,
1372 1247 1415 1277 iii.
1436 1250 1486 1278 97.
1507 1258 1617 1279 eorum
1637 1259 1686 1280 se-

1040 1299 1122 1323 men,
1147 1287 1268 1325 domus,
1284 1290 1360 1320 ibid.

999 1331 1165 1371 AEthiopes
1179 1331 1337 1367 nomades,
1353 1332 1385 1361 ii.
1400 1336 1451 1364 29.

999 1374 1188 1413 AEthiopum
1217 1374 1301 1404 varia
1329 1384 1444 1415 genera
1472 1385 1546 1406 cum
1577 1377 1685 1409 Xerxe

1040 1416 1254 1451 militantium,
1281 1416 1332 1446 vii.
1356 1421 1408 1449 69.
1437 1420 1487 1449 79.
1515 1428 1686 1460 eorumque

1040 1459 1225 1495 differentia,
1253 1469 1347 1496 arma,
1378 1460 1508 1491 vestitus
1529 1468 1561 1492 et
1582 1462 1685 1500 duces,

1040 1502 1113 1532 ibid.

999 1545 1188 1584 AEthiopum
1202 1545 1347 1586 genitura
1360 1546 1457 1587 nigra,
1473 1546 1516 1578 iii.
1532 1550 1603 1578 101.

998 1588 1198 1627 AEthiopicus
1211 1589 1297 1628 lapis,
1315 1589 1346 1620 ii.
1364 1592 1433 1621 154.

1000 1630 1128 1661 AEtolus
1142 1631 1245 1661 Males
1259 1632 1415 1671 Agaristae
1425 1642 1546 1671 procus,
1558 1633 1598 1663 vi.
1615 1637 1675 1666 127
1686 1656 1694 1665 .

1040 1683 1209 1713 germanus
1225 1674 1368 1709 Titormi,
1387 1675 1460 1704 ibid.

1000 1716 1123 1746 Affines
1139 1716 1230 1746 Medi
1244 1723 1276 1746 et
1293 1717 1398 1747 Persae
1412 1717 1554 1748 similiter
1566 1718 1684 1757 colunt,

1041 1758 1117 1788 ibid.

1002 1800 1119 1830 Africae
1134 1801 1265 1837 termini,
1276 1801 1299 1831 ii
1327 1805 1373 1832 17.
1391 1801 1519 1837 deserta,
1534 1803 1567 1833 ii.
1581 1807 1634 1835 39.

999 1843 1116 1873 Africae
1139 1843 1296 1882 superiora
1311 1851 1400 1873 aestas
1421 1854 1543 1884 semper
1557 1847 1686 1883 obtinet,

1039 1886 1071 1914 ii.
1087 1890 1137 1916 26.
1150 1888 1216 1917 vide
1231 1892 1262 1916 et
1277 1887 1388 1926 Libya.

1000 1928 1129 1959 Africus
1142 1936 1256 1959 ventus
1269 1928 1524 1968 pluviosissimus
1541 1930 1573 1960 11.
1587 1934 1640 1962 25.

998 1972 1120 2011 Agaeus
1138 1971 1304 2002 Onomasti
1318 1978 1416 2010 pater,
1431 1972 1471 2001 vi.
1486 1975 1557 2003 127.

998 2015 1222 2054 Agamemnon
1239 2014 1409 2054 Pelopides,
1433 2014 1483 2045 vii.
1501 2018 1571 2047 159.
1591 2015 1686 2048 Ores-

1038 2057 1078 2086 tis
1092 2064 1186 2096 pater,
1209 2057 1228 2086 i.
1245 2060 1296 2088 67.

997 2100 1152 2140 Agarista,
1193 2100 1361 2131 Clisthenis
1389 2099 1460 2135 filia,
1501 2101 1686 2133 Graecorum

1039 2142 1293 2182 praestantissimo
1329 2142 1488 2179 destinata,
1526 2144 1566 2174 vi.
1614 2149 1684 2177 126.

1038 2186 1105 2225 ejus
1127 2186 1211 2224 proci
1226 2186 1323 2216 totius
1349 2185 1480 2216 Graeciae
1490 2188 1680 2224 praestantis-

1039 2228 1110 2258 simi
1120 2229 1259 2268 juvenes,
1276 2229 1317 2258 vi.
1335 2232 1407 2260 127.
1426 2228 1517 2259 nubit
1533 2230 1682 2271 Megacli,

1039 2272 1079 2300 vi.
1096 2274 1163 2302 150.
1179 2272 1246 2311 ejus
1260 2271 1357 2306 liberi,
1380 2271 1421 2301 vi.
1441 2274 1511 2301 151.

998 2313 1152 2353 Agarista.
1170 2314 1373 2353 Hippocratis
1387 2324 1424 2344 ex
1440 2314 1595 2354 Agarista‚
1618 2316 1684 2346 nati

1039 2356 1110 2390 filia.
1120 2356 1193 2386 ibid.
1207 2357 1391 2396 Xanthippo
1407 2363 1514 2395 nupta,
1530 2357 1604 2387 ibid.
1613 2359 1681 2399 ejus

1037 2399 1140 2429 visum
1155 2399 1188 2429 in
1199 2399 1324 2435 somnis,
1338 2398 1413 2430 ibid.
1434 2399 1564 2430 Periclis
1571 2407 1683 2440 mater,

1036 2441 1110 2472 ibid.

997 2484 1169 2525 Agasicles,
1199 2485 1245 2514 vir
1269 2485 1536 2520 Halicarnasseus
1560 2485 1583 2515 i.
1614 2489 1685 2516 144.

1039 2527 1142 2568 legem
1165 2527 1322 2567 Apollinis
1349 2528 1470 2568 Triopii
1497 2538 1593 2558 ausus
1613 2528 1680 2559 vio-

1039 2570 1111 2605 lare,
1127 2570 1200 2600 ibid.

995 2613 1188 2653 Agatho'ergi
1205 2613 1332 2652 Spar-tie,
1348 2613 1369 2642 i.
1385 2615 1438 2644 67.

994 2657 1172 2696 Agathyrsi,
1198 2655 1237 2685 iv.
1264 2659 1332 2686 102.
1355 2659 1425 2686 125.
1448 2665 1557 2686 eorum
1579 2664 1681 2688 mores

1037 2704 1068 2728 et
1082 2698 1232 2733 instituta,
1256 2698 1295 2728 ἰν.
1311 2702 1382 2728 105.

998 2741 1202 2781 Agathyrsus,
1221 2740 1371 2771 Herculis
1382 2740 1474 2776 filius,
1488 2740 1528 2770 iv.
1548 2744 1596 2772 lo.

997 2783 1141 2824 Agbalus
1154 2789 1242 2822 pater
1258 2783 1399 2818 Merbali,
1422 2783 1473 2813 vii.
1489 2787 1539 2815 98.

995 2827 1022 2856 A
1028 2827 1162 2866 gbatana
1180 2826 1286 2865 Syriae,
1302 2826 1321 2855 i.
1338 2829 1388 2856 98.
1400 2825 1443 2855 111.
1458 2829 1509 2857 62.
1523 2832 1555 2858 et
1569 2836 1678 2859 eorum

1036 2868 1203 2898 exstructio
1217 2874 1310 2909 atque
1324 2867 1409 2904 situs
1422 2867 1443 2898 i.
1458 2872 1508 2901 98.

996 2912 1163 2953 Agbatana
1177 2911 1304 2948 Mediae,
1325 2910 1369 2944 111.
1383 2912 1435 2943 65.
