<?xml version="1.0" encoding="UTF-8"?>
<!DOCTYPE html PUBLIC "-//W3C//DTD XHTML 1.0 Transitional//EN"
    "http://www.w3.org/TR/xhtml1/DTD/xhtml1-transitional.dtd">
<html xmlns="http://www.w3.org/1999/xhtml" xml:lang="en" lang="en">
 <head>
  <title>
</title>
<meta http-equiv="Content-Type" content="text/html;charset=utf-8" />
  <meta name='ocr-system' content='tesseract 3.04.00' />
  <meta name='ocr-capabilities' content='ocr_page ocr_carea ocr_par ocr_line ocrx_word'/>
</head>
<body>
  <div class='ocr_page' id='page_1' title='image "./historinlogoi9ep02herouoft/historinlogoi9ep02herouoft_0405.png"; bbox 0 0 1836 3156; ppageno 0'>
   <div class='ocr_carea' id='block_1_1' title="bbox 743 122 1551 156">
    <p class='ocr_par' dir='ltr' id='par_1_1' title="bbox 743 122 1551 156">
     <span class='ocr_line' id='line_1_1' title="bbox 743 122 1551 156; baseline 0.001 -1"><span class='ocrx_word' id='word_1_1' title='bbox 743 122 973 155; x_wconf 88' lang='lat' dir='ltr'>INDEX.</span> <span class='ocrx_word' id='word_1_2' title='bbox 1528 126 1551 156; x_wconf 79' lang='lat'>3</span> 
     </span>
    </p>
   </div>
   <div class='ocr_carea' id='block_1_2' title="bbox 110 206 812 2811">
    <p class='ocr_par' dir='ltr' id='par_1_2' title="bbox 161 206 807 292">
     <span class='ocr_line' id='line_1_2' title="bbox 163 206 807 249; baseline 0 -9"><span class='ocrx_word' id='word_1_3' title='bbox 163 215 210 240; x_wconf 79' lang='lat' dir='ltr'>est</span> <span class='ocrx_word' id='word_1_4' title='bbox 229 206 391 249; x_wconf 80' lang='lat' dir='ltr'>palustris:</span> <span class='ocrx_word' id='word_1_5' title='bbox 416 206 475 244; x_wconf 86' lang='lat' dir='ltr'>vel,</span> <span class='ocrx_word' id='word_1_6' title='bbox 492 206 546 245; x_wconf 81' lang='lat' dir='ltr'>(ut</span> <span class='ocrx_word' id='word_1_7' title='bbox 573 209 719 240; x_wconf 72' lang='lat' dir='ltr'>Groecum</span> <span class='ocrx_word' id='word_1_8' title='bbox 741 220 807 240; x_wconf 79' lang='lat' dir='ltr'>ver·</span> 
     </span>
     <span class='ocr_line' id='line_1_3' title="bbox 161 249 566 292; baseline -0.005 -9"><span class='ocrx_word' id='word_1_9' title='bbox 161 255 235 283; x_wconf 81' lang='lat' dir='ltr'>bum</span> <span class='ocrx_word' id='word_1_10' title='bbox 250 255 357 292; x_wconf 74' lang='lat' dir='ltr'>sonat)</span> <span class='ocrx_word' id='word_1_11' title='bbox 373 250 474 291; x_wconf 85' lang='lat' dir='ltr'>palus,</span> <span class='ocrx_word' id='word_1_12' title='bbox 489 249 520 280; x_wconf 83' lang='lat' dir='ltr'>ii.</span> <span class='ocrx_word' id='word_1_13' title='bbox 536 254 566 281; x_wconf 86' lang='lat'>4.</span> 
     </span>
    </p>

    <p class='ocr_par' dir='ltr' id='par_1_3' title="bbox 124 293 812 1019">
     <span class='ocr_line' id='line_1_4' title="bbox 124 293 808 336; baseline -0.004 -10"><span class='ocrx_word' id='word_1_14' title='bbox 124 295 284 336; x_wconf 74' lang='lat' dir='ltr'>AEgyptus</span> <span class='ocrx_word' id='word_1_15' title='bbox 298 301 344 325; x_wconf 80' lang='lat' dir='ltr'>est</span> <span class='ocrx_word' id='word_1_16' title='bbox 358 303 454 334; x_wconf 87' lang='lat' dir='ltr'>quam</span> <span class='ocrx_word' id='word_1_17' title='bbox 470 293 565 324; x_wconf 88' lang='lat' dir='ltr'>Nilus</span> <span class='ocrx_word' id='word_1_18' title='bbox 578 293 693 334; x_wconf 81' lang='lat' dir='ltr'><strong>irrigat,</strong></span> <span class='ocrx_word' id='word_1_19' title='bbox 710 293 742 324; x_wconf 91' lang='lat' dir='ltr'>ii.</span> <span class='ocrx_word' id='word_1_20' title='bbox 761 297 808 324; x_wconf 90' lang='lat'>18.</span> 
     </span>
     <span class='ocr_line' id='line_1_5' title="bbox 167 335 808 373; baseline -0.005 -5"><span class='ocrx_word' id='word_1_21' title='bbox 167 338 252 368; x_wconf 78' lang='lat' dir='ltr'>Asiae</span> <span class='ocrx_word' id='word_1_22' title='bbox 267 344 297 368; x_wconf 88' lang='lat' dir='ltr'>et</span> <span class='ocrx_word' id='word_1_23' title='bbox 314 337 431 368; x_wconf 84' lang='lat' dir='ltr'>Africae</span> <span class='ocrx_word' id='word_1_24' title='bbox 441 337 601 373; x_wconf 85' lang='lat' dir='ltr'>terminus,</span> <span class='ocrx_word' id='word_1_25' title='bbox 614 337 644 367; x_wconf 90' lang='lat' dir='ltr'>ii.</span> <span class='ocrx_word' id='word_1_26' title='bbox 657 340 706 367; x_wconf 92' lang='lat'>17.</span> <span class='ocrx_word' id='word_1_27' title='bbox 721 335 808 366; x_wconf 87' lang='lat' dir='ltr'>Afri-</span> 
     </span>
     <span class='ocr_line' id='line_1_6' title="bbox 162 378 808 415; baseline -0.003 -5"><span class='ocrx_word' id='word_1_28' title='bbox 162 391 207 410; x_wconf 86' lang='lat' dir='ltr'>cae</span> <span class='ocrx_word' id='word_1_29' title='bbox 221 379 361 415; x_wconf 86' lang='lat' dir='ltr'>finitima,</span> <span class='ocrx_word' id='word_1_30' title='bbox 384 379 416 409; x_wconf 92' lang='lat' dir='ltr'>ii.</span> <span class='ocrx_word' id='word_1_31' title='bbox 438 382 489 410; x_wconf 86' lang='lat'>65.</span> <span class='ocrx_word' id='word_1_32' title='bbox 510 379 554 410; x_wconf 89' lang='lat' dir='ltr'>iii.</span> <span class='ocrx_word' id='word_1_33' title='bbox 568 384 617 411; x_wconf 88' lang='lat'>91.</span> <span class='ocrx_word' id='word_1_34' title='bbox 632 379 718 410; x_wconf 89' lang='lat' dir='ltr'>unde</span> <span class='ocrx_word' id='word_1_35' title='bbox 731 378 808 408; x_wconf 90' lang='lat' dir='ltr'>inci-</span> 
     </span>
     <span class='ocr_line' id='line_1_7' title="bbox 162 421 807 463; baseline -0.003 -10"><span class='ocrx_word' id='word_1_36' title='bbox 162 423 228 462; x_wconf 83' lang='lat' dir='ltr'>piat</span> <span class='ocrx_word' id='word_1_37' title='bbox 249 429 279 453; x_wconf 87' lang='lat' dir='ltr'>et</span> <span class='ocrx_word' id='word_1_38' title='bbox 301 433 364 463; x_wconf 86' lang='lat' dir='ltr'>qua</span> <span class='ocrx_word' id='word_1_39' title='bbox 385 428 489 462; x_wconf 78' lang='lat' dir='ltr'>pateat</span> <span class='ocrx_word' id='word_1_40' title='bbox 508 421 542 451; x_wconf 85' lang='lat' dir='ltr'>in</span> <span class='ocrx_word' id='word_1_41' title='bbox 558 432 628 452; x_wconf 83' lang='lat' dir='ltr'>eam</span> <span class='ocrx_word' id='word_1_42' title='bbox 643 422 807 463; x_wconf 83' lang='lat' dir='ltr'>ingressus,</span> 
     </span>
     <span class='ocr_line' id='line_1_8' title="bbox 162 464 809 507; baseline -0.002 -12"><span class='ocrx_word' id='word_1_43' title='bbox 162 465 204 495; x_wconf 88' lang='lat' dir='ltr'>iii.</span> <span class='ocrx_word' id='word_1_44' title='bbox 225 468 256 496; x_wconf 86' lang='lat'>5·</span> <span class='ocrx_word' id='word_1_45' title='bbox 280 465 314 494; x_wconf 93' lang='lat' dir='ltr'>in</span> <span class='ocrx_word' id='word_1_46' title='bbox 328 466 471 505; x_wconf 84' lang='lat' dir='ltr'>regiones</span> <span class='ocrx_word' id='word_1_47' title='bbox 486 464 550 507; x_wconf 89' lang='lat' dir='ltr'>(vel</span> <span class='ocrx_word' id='word_1_48' title='bbox 564 465 667 503; x_wconf 86' lang='lat' dir='ltr'>potius</span> <span class='ocrx_word' id='word_1_49' title='bbox 681 464 809 504; x_wconf 81' lang='lat' dir='ltr'>praefec-</span> 
     </span>
     <span class='ocr_line' id='line_1_9' title="bbox 161 507 807 548; baseline -0.002 -10"><span class='ocrx_word' id='word_1_50' title='bbox 161 514 256 543; x_wconf 65' lang='lat' dir='ltr'>turem,</span> <span class='ocrx_word' id='word_1_51' title='bbox 288 518 360 548; x_wconf 86' lang='lat' dir='ltr'>quae</span> <span class='ocrx_word' id='word_1_52' title='bbox 382 507 489 538; x_wconf 91' lang='lat' dir='ltr'>nomoi</span> <span class='ocrx_word' id='word_1_53' title='bbox 511 507 677 547; x_wconf 83' lang='lat' dir='ltr'>vocantur)</span> <span class='ocrx_word' id='word_1_54' title='bbox 700 507 807 543; x_wconf 87' lang='lat' dir='ltr'>divisa,</span> 
     </span>
     <span class='ocr_line' id='line_1_10' title="bbox 159 549 812 581; baseline -0.002 -1"><span class='ocrx_word' id='word_1_55' title='bbox 159 550 192 580; x_wconf 86' lang='lat' dir='ltr'>ii.</span> <span class='ocrx_word' id='word_1_56' title='bbox 217 553 286 581; x_wconf 86' lang='lat'>164.</span> <span class='ocrx_word' id='word_1_57' title='bbox 306 551 400 580; x_wconf 90' lang='lat' dir='ltr'>urbes</span> <span class='ocrx_word' id='word_1_58' title='bbox 420 549 551 580; x_wconf 86' lang='lat' dir='ltr'>habitari</span> <span class='ocrx_word' id='word_1_59' title='bbox 573 549 607 579; x_wconf 89' lang='lat' dir='ltr'>in</span> <span class='ocrx_word' id='word_1_60' title='bbox 628 560 664 580; x_wconf 87' lang='lat' dir='ltr'>ea</span> <span class='ocrx_word' id='word_1_61' title='bbox 677 549 765 580; x_wconf 89' lang='lat' dir='ltr'>mille</span> <span class='ocrx_word' id='word_1_62' title='bbox 779 556 812 579; x_wconf 89' lang='lat' dir='ltr'>et</span> 
     </span>
     <span class='ocr_line' id='line_1_11' title="bbox 156 592 810 633; baseline -0.002 -10"><span class='ocrx_word' id='word_1_63' title='bbox 156 592 277 633; x_wconf 85' lang='lat' dir='ltr'>viginti,</span> <span class='ocrx_word' id='word_1_64' title='bbox 299 592 331 623; x_wconf 88' lang='lat' dir='ltr'>ii.</span> <span class='ocrx_word' id='word_1_65' title='bbox 357 595 428 624; x_wconf 92' lang='grc'><strong>177.</strong></span> <span class='ocrx_word' id='word_1_66' title='bbox 447 598 606 623; x_wconf 85' lang='lat' dir='ltr'>montanae</span> <span class='ocrx_word' id='word_1_67' title='bbox 623 592 741 623; x_wconf 88' lang='lat' dir='ltr'>Ciliciae</span> <span class='ocrx_word' id='word_1_68' title='bbox 754 603 810 631; x_wconf 90' lang='lat' dir='ltr'>op-</span> 
     </span>
     <span class='ocr_line' id='line_1_12' title="bbox 157 635 808 676; baseline 0 -11"><span class='ocrx_word' id='word_1_69' title='bbox 157 635 258 676; x_wconf 84' lang='lat' dir='ltr'>posita</span> <span class='ocrx_word' id='word_1_70' title='bbox 279 641 333 671; x_wconf 88' lang='lat' dir='ltr'>cst,</span> <span class='ocrx_word' id='word_1_71' title='bbox 356 635 388 666; x_wconf 90' lang='lat' dir='ltr'>ii.</span> <span class='ocrx_word' id='word_1_72' title='bbox 408 639 460 666; x_wconf 89' lang='grc'>54.</span> <span class='ocrx_word' id='word_1_73' title='bbox 475 635 575 676; x_wconf 85' lang='lat' dir='ltr'>qualis</span> <span class='ocrx_word' id='word_1_74' title='bbox 589 635 628 666; x_wconf 86' lang='lat' dir='ltr'>sit</span> <span class='ocrx_word' id='word_1_75' title='bbox 644 645 707 676; x_wconf 87' lang='lat' dir='ltr'>qua</span> <span class='ocrx_word' id='word_1_76' title='bbox 720 640 808 674; x_wconf 89' lang='lat' dir='ltr'>parte</span> 
     </span>
     <span class='ocr_line' id='line_1_13' title="bbox 160 677 808 718; baseline 0 -10"><span class='ocrx_word' id='word_1_77' title='bbox 160 678 304 709; x_wconf 85' lang='lat' dir='ltr'>Africam</span> <span class='ocrx_word' id='word_1_78' title='bbox 318 684 444 718; x_wconf 86' lang='lat' dir='ltr'>spectat,</span> <span class='ocrx_word' id='word_1_79' title='bbox 461 678 493 708; x_wconf 93' lang='lat' dir='ltr'>ii.</span> <span class='ocrx_word' id='word_1_80' title='bbox 504 682 533 709; x_wconf 86' lang='lat' dir='ltr'>S.</span> <span class='ocrx_word' id='word_1_81' title='bbox 542 678 640 709; x_wconf 80' lang='lat' dir='ltr'>fossas</span> <span class='ocrx_word' id='word_1_82' title='bbox 647 677 732 709; x_wconf 91' lang='lat' dir='ltr'>unde</span> <span class='ocrx_word' id='word_1_83' title='bbox 742 684 808 708; x_wconf 91' lang='lat' dir='ltr'>tam</span> 
     </span>
     <span class='ocr_line' id='line_1_14' title="bbox 158 721 810 762; baseline 0.002 -12"><span class='ocrx_word' id='word_1_84' title='bbox 158 721 277 752; x_wconf 84' lang='lat' dir='ltr'>multas</span> <span class='ocrx_word' id='word_1_85' title='bbox 297 722 417 757; x_wconf 86' lang='lat' dir='ltr'>habeat,</span> <span class='ocrx_word' id='word_1_86' title='bbox 443 722 477 752; x_wconf 91' lang='lat' dir='ltr'>ii.</span> <span class='ocrx_word' id='word_1_87' title='bbox 497 725 567 752; x_wconf 90' lang='lat'>108.</span> <span class='ocrx_word' id='word_1_88' title='bbox 582 727 708 761; x_wconf 86' lang='lat' dir='ltr'>propter</span> <span class='ocrx_word' id='word_1_89' title='bbox 732 730 810 762; x_wconf 85' lang='lat' dir='ltr'>quas</span> 
     </span>
     <span class='ocr_line' id='line_1_15' title="bbox 154 763 809 805; baseline -0.002 -11"><span class='ocrx_word' id='word_1_90' title='bbox 154 763 365 805; x_wconf 85' lang='lat' dir='ltr'>inequitabilis</span> <span class='ocrx_word' id='word_1_91' title='bbox 388 771 419 795; x_wconf 88' lang='lat' dir='ltr'>et</span> <span class='ocrx_word' id='word_1_92' title='bbox 439 764 585 804; x_wconf 79' lang='lat' dir='ltr'><strong>plaustris</strong></span> <span class='ocrx_word' id='word_1_93' title='bbox 605 764 749 794; x_wconf 86' lang='lat' dir='ltr'>inhabilis</span> <span class='ocrx_word' id='word_1_94' title='bbox 763 763 809 794; x_wconf 90' lang='lat' dir='ltr'>ef-</span> 
     </span>
     <span class='ocr_line' id='line_1_16' title="bbox 155 806 808 848; baseline 0.002 -12"><span class='ocrx_word' id='word_1_95' title='bbox 155 806 246 842; x_wconf 78' lang='lat' dir='ltr'>fecta,</span> <span class='ocrx_word' id='word_1_96' title='bbox 272 807 345 837; x_wconf 87' lang='lat' dir='ltr'><strong>ibid.</strong></span> <span class='ocrx_word' id='word_1_97' title='bbox 371 807 411 837; x_wconf 91' lang='lat' dir='ltr'>de</span> <span class='ocrx_word' id='word_1_98' title='bbox 435 807 568 848; x_wconf 86' lang='lat' dir='ltr'>AEgypti</span> <span class='ocrx_word' id='word_1_99' title='bbox 588 806 808 847; x_wconf 84' lang='lat' dir='ltr'>magnitudine</span> 
     </span>
     <span class='ocr_line' id='line_1_17' title="bbox 156 849 804 886; baseline 0 -7"><span class='ocrx_word' id='word_1_100' title='bbox 156 849 278 879; x_wconf 88' lang='lat' dir='ltr'>Ionum</span> <span class='ocrx_word' id='word_1_101' title='bbox 292 850 461 885; x_wconf 82' lang='lat' dir='ltr'>sententiae,</span> <span class='ocrx_word' id='word_1_102' title='bbox 477 850 509 879; x_wconf 92' lang='lat' dir='ltr'>ii.</span> <span class='ocrx_word' id='word_1_103' title='bbox 526 849 579 881; x_wconf 76' lang='lat'>15:</span> <span class='ocrx_word' id='word_1_104' title='bbox 589 855 620 880; x_wconf 90' lang='lat' dir='ltr'>et</span> <span class='ocrx_word' id='word_1_105' title='bbox 637 849 804 886; x_wconf 80' lang='lat' dir='ltr'>Herodoti,</span> 
     </span>
     <span class='ocr_line' id='line_1_18' title="bbox 153 891 802 933; baseline 0.002 -12"><span class='ocrx_word' id='word_1_106' title='bbox 153 891 187 922; x_wconf 85' lang='lat' dir='ltr'>ii.</span> <span class='ocrx_word' id='word_1_107' title='bbox 227 895 276 923; x_wconf 88' lang='grc'>17.</span> <span class='ocrx_word' id='word_1_108' title='bbox 313 892 405 932; x_wconf 82' lang='lat' dir='ltr'>plura</span> <span class='ocrx_word' id='word_1_109' title='bbox 418 893 572 923; x_wconf 86' lang='lat' dir='ltr'>mirabilia</span> <span class='ocrx_word' id='word_1_110' title='bbox 585 893 678 923; x_wconf 85' lang='lat' dir='ltr'>habet</span> <span class='ocrx_word' id='word_1_111' title='bbox 705 902 802 933; x_wconf 80' lang='lat' dir='ltr'>quam</span> 
     </span>
     <span class='ocr_line' id='line_1_19' title="bbox 153 934 804 976; baseline 0.002 -12"><span class='ocrx_word' id='word_1_112' title='bbox 153 935 259 965; x_wconf 89' lang='lat' dir='ltr'>omnis</span> <span class='ocrx_word' id='word_1_113' title='bbox 279 934 340 965; x_wconf 88' lang='lat' dir='ltr'>alia</span> <span class='ocrx_word' id='word_1_114' title='bbox 361 935 455 976; x_wconf 84' lang='lat' dir='ltr'>regio,</span> <span class='ocrx_word' id='word_1_115' title='bbox 478 935 512 966; x_wconf 92' lang='lat' dir='ltr'>ii.</span> <span class='ocrx_word' id='word_1_116' title='bbox 535 939 588 967; x_wconf 87' lang='grc'>55.</span> <span class='ocrx_word' id='word_1_117' title='bbox 609 936 668 965; x_wconf 83' lang='lat' dir='ltr'>sub</span> <span class='ocrx_word' id='word_1_118' title='bbox 694 934 804 965; x_wconf 84' lang='lat' dir='ltr'>Amasi</span> 
     </span>
     <span class='ocr_line' id='line_1_20' title="bbox 154 978 622 1019; baseline -0.002 -11"><span class='ocrx_word' id='word_1_119' title='bbox 154 987 228 1019; x_wconf 82' lang='lat' dir='ltr'>rege</span> <span class='ocrx_word' id='word_1_120' title='bbox 243 978 379 1008; x_wconf 84' lang='lat' dir='ltr'>maxime</span> <span class='ocrx_word' id='word_1_121' title='bbox 393 978 534 1014; x_wconf 83' lang='lat' dir='ltr'>beata‚ii.</span> <span class='ocrx_word' id='word_1_122' title='bbox 551 981 622 1009; x_wconf 90' lang='lat'>177.</span> 
     </span>
    </p>

    <p class='ocr_par' dir='ltr' id='par_1_4' title="bbox 110 1019 807 1223">
     <span class='ocr_line' id='line_1_21' title="bbox 110 1019 806 1061; baseline -0.001 -10"><span class='ocrx_word' id='word_1_123' title='bbox 110 1019 256 1061; x_wconf 85' lang='lat' dir='ltr'>AEgypto</span> <span class='ocrx_word' id='word_1_124' title='bbox 283 1021 422 1052; x_wconf 82' lang='lat' dir='ltr'>minatur</span> <span class='ocrx_word' id='word_1_125' title='bbox 449 1021 613 1052; x_wconf 88' lang='lat' dir='ltr'>interitum</span> <span class='ocrx_word' id='word_1_126' title='bbox 637 1020 806 1060; x_wconf 81' lang='lat' dir='ltr'>Cambyses</span> 
     </span>
     <span class='ocr_line' id='line_1_22' title="bbox 153 1063 807 1100; baseline -0.002 -6"><span class='ocrx_word' id='word_1_127' title='bbox 153 1064 275 1094; x_wconf 87' lang='lat' dir='ltr'>circiter</span> <span class='ocrx_word' id='word_1_128' title='bbox 295 1064 404 1094; x_wconf 88' lang='lat' dir='ltr'>decem</span> <span class='ocrx_word' id='word_1_129' title='bbox 426 1074 526 1095; x_wconf 89' lang='lat' dir='ltr'>annos</span> <span class='ocrx_word' id='word_1_130' title='bbox 547 1069 648 1100; x_wconf 87' lang='lat' dir='ltr'>natus,</span> <span class='ocrx_word' id='word_1_131' title='bbox 669 1063 711 1093; x_wconf 90' lang='lat' dir='ltr'>iii.</span> <span class='ocrx_word' id='word_1_132' title='bbox 724 1067 755 1094; x_wconf 93' lang='grc'>5.</span> <span class='ocrx_word' id='word_1_133' title='bbox 770 1073 807 1094; x_wconf 87' lang='lat' dir='ltr'>ea</span> 
     </span>
     <span class='ocr_line' id='line_1_23' title="bbox 152 1106 805 1146; baseline -0.002 -10"><span class='ocrx_word' id='word_1_134' title='bbox 152 1106 320 1146; x_wconf 86' lang='lat' dir='ltr'>potiuntur</span> <span class='ocrx_word' id='word_1_135' title='bbox 341 1108 456 1142; x_wconf 83' lang='lat' dir='ltr'>Persae,</span> <span class='ocrx_word' id='word_1_136' title='bbox 479 1107 522 1137; x_wconf 90' lang='lat' dir='ltr'>iii.</span> <span class='ocrx_word' id='word_1_137' title='bbox 543 1109 573 1138; x_wconf 87' lang='lat'>7.</span> <span class='ocrx_word' id='word_1_138' title='bbox 589 1106 692 1136; x_wconf 88' lang='lat' dir='ltr'>Persis</span> <span class='ocrx_word' id='word_1_139' title='bbox 707 1106 805 1136; x_wconf 85' lang='lat' dir='ltr'>tribu-</span> 
     </span>
     <span class='ocr_line' id='line_1_24' title="bbox 150 1148 804 1189; baseline 0.002 -10"><span class='ocrx_word' id='word_1_140' title='bbox 150 1149 239 1189; x_wconf 77' lang='lat' dir='ltr'>taria,</span> <span class='ocrx_word' id='word_1_141' title='bbox 260 1149 303 1180; x_wconf 89' lang='lat' dir='ltr'>iii.</span> <span class='ocrx_word' id='word_1_142' title='bbox 329 1153 380 1182; x_wconf 87' lang='lat'>91.</span> <span class='ocrx_word' id='word_1_143' title='bbox 403 1160 442 1182; x_wconf 82' lang='lat' dir='ltr'>ex</span> <span class='ocrx_word' id='word_1_144' title='bbox 465 1160 502 1180; x_wconf 89' lang='lat' dir='ltr'>ea</span> <span class='ocrx_word' id='word_1_145' title='bbox 517 1155 645 1180; x_wconf 87' lang='lat' dir='ltr'>scutum</span> <span class='ocrx_word' id='word_1_146' title='bbox 659 1155 691 1179; x_wconf 85' lang='lat' dir='ltr'>et</span> <span class='ocrx_word' id='word_1_147' title='bbox 706 1148 804 1189; x_wconf 85' lang='lat' dir='ltr'>galea,</span> 
     </span>
     <span class='ocr_line' id='line_1_25' title="bbox 151 1191 282 1223; baseline 0.015 -2"><span class='ocrx_word' id='word_1_148' title='bbox 151 1191 191 1222; x_wconf 79' lang='lat' dir='ltr'>iv.</span> <span class='ocrx_word' id='word_1_149' title='bbox 212 1196 282 1223; x_wconf 83' lang='lat'>180.</span> 
     </span>
    </p>

    <p class='ocr_par' dir='ltr' id='par_1_5' title="bbox 111 1233 487 1276">
     <span class='ocr_line' id='line_1_26' title="bbox 111 1233 487 1276; baseline 0.005 -12"><span class='ocrx_word' id='word_1_150' title='bbox 111 1233 265 1276; x_wconf 80' lang='lat' dir='ltr'>AEgyptia</span> <span class='ocrx_word' id='word_1_151' title='bbox 279 1245 373 1271; x_wconf 85' lang='lat' dir='ltr'>sacra,</span> <span class='ocrx_word' id='word_1_152' title='bbox 390 1235 422 1266; x_wconf 92' lang='lat' dir='ltr'>ii.</span> <span class='ocrx_word' id='word_1_153' title='bbox 435 1238 487 1266; x_wconf 90' lang='lat'>81.</span> 
     </span>
    </p>

    <p class='ocr_par' dir='ltr' id='par_1_6' title="bbox 110 1277 807 2811">
     <span class='ocr_line' id='line_1_27' title="bbox 110 1277 807 1319; baseline -0.001 -11"><span class='ocrx_word' id='word_1_154' title='bbox 110 1277 254 1318; x_wconf 86' lang='lat' dir='ltr'>AEgyptii</span> <span class='ocrx_word' id='word_1_155' title='bbox 269 1288 343 1308; x_wconf 91' lang='lat' dir='ltr'>cum</span> <span class='ocrx_word' id='word_1_156' title='bbox 361 1278 437 1318; x_wconf 87' lang='lat' dir='ltr'>Cyri</span> <span class='ocrx_word' id='word_1_157' title='bbox 451 1277 572 1308; x_wconf 81' lang='lat' dir='ltr'>familia</span> <span class='ocrx_word' id='word_1_158' title='bbox 586 1277 807 1319; x_wconf 79' lang='lat' dir='ltr'>cognationem</span> 
     </span>
     <span class='ocr_line' id='line_1_28' title="bbox 151 1320 804 1361; baseline 0 -11"><span class='ocrx_word' id='word_1_159' title='bbox 151 1320 210 1350; x_wconf 84' lang='lat' dir='ltr'>sibi</span> <span class='ocrx_word' id='word_1_160' title='bbox 238 1320 372 1361; x_wconf 86' lang='lat' dir='ltr'>fingunt,</span> <span class='ocrx_word' id='word_1_161' title='bbox 402 1320 446 1349; x_wconf 88' lang='lat' dir='ltr'>iii.</span> <span class='ocrx_word' id='word_1_162' title='bbox 476 1325 505 1350; x_wconf 77' lang='lat'>‘2-</span> <span class='ocrx_word' id='word_1_163' title='bbox 527 1321 675 1361; x_wconf 86' lang='lat' dir='ltr'>pleraque</span> <span class='ocrx_word' id='word_1_164' title='bbox 697 1321 804 1350; x_wconf 88' lang='lat' dir='ltr'>omnia</span> 
     </span>
     <span class='ocr_line' id='line_1_29' title="bbox 148 1362 803 1394; baseline -0.002 -1"><span class='ocrx_word' id='word_1_165' title='bbox 148 1363 269 1394; x_wconf 85' lang='lat' dir='ltr'>diversa</span> <span class='ocrx_word' id='word_1_166' title='bbox 291 1373 309 1392; x_wconf 85' lang='lat' dir='ltr'>a</span> <span class='ocrx_word' id='word_1_167' title='bbox 323 1362 443 1393; x_wconf 89' lang='lat' dir='ltr'>caeteris</span> <span class='ocrx_word' id='word_1_168' title='bbox 455 1363 637 1393; x_wconf 87' lang='lat' dir='ltr'>hominibus</span> <span class='ocrx_word' id='word_1_169' title='bbox 651 1363 803 1393; x_wconf 83' lang='lat' dir='ltr'>constitu-</span> 
     </span>
     <span class='ocr_line' id='line_1_30' title="bbox 150 1405 803 1445; baseline -0.002 -9"><span class='ocrx_word' id='word_1_170' title='bbox 150 1412 245 1436; x_wconf 88' lang='lat' dir='ltr'>erunt</span> <span class='ocrx_word' id='word_1_171' title='bbox 258 1405 404 1436; x_wconf 84' lang='lat' dir='ltr'>instituta</span> <span class='ocrx_word' id='word_1_172' title='bbox 419 1410 451 1435; x_wconf 87' lang='lat' dir='ltr'>et</span> <span class='ocrx_word' id='word_1_173' title='bbox 459 1405 540 1445; x_wconf 87' lang='lat' dir='ltr'>jura,</span> <span class='ocrx_word' id='word_1_174' title='bbox 558 1411 596 1435; x_wconf 88' lang='lat' dir='ltr'>ut</span> <span class='ocrx_word' id='word_1_175' title='bbox 609 1406 677 1435; x_wconf 82' lang='lat' dir='ltr'>coeli</span> <span class='ocrx_word' id='word_1_176' title='bbox 692 1416 803 1435; x_wconf 87' lang='lat' dir='ltr'>eorum</span> 
     </span>
     <span class='ocr_line' id='line_1_31' title="bbox 149 1447 804 1484; baseline -0.002 -5"><span class='ocrx_word' id='word_1_177' title='bbox 149 1455 184 1479; x_wconf 87' lang='lat' dir='ltr'>et</span> <span class='ocrx_word' id='word_1_178' title='bbox 205 1448 345 1479; x_wconf 86' lang='lat' dir='ltr'>fluminis</span> <span class='ocrx_word' id='word_1_179' title='bbox 367 1447 488 1478; x_wconf 81' lang='lat' dir='ltr'>diversa</span> <span class='ocrx_word' id='word_1_180' title='bbox 509 1454 556 1478; x_wconf 85' lang='lat' dir='ltr'>est</span> <span class='ocrx_word' id='word_1_181' title='bbox 570 1453 690 1484; x_wconf 83' lang='lat' dir='ltr'>natura,</span> <span class='ocrx_word' id='word_1_182' title='bbox 706 1448 737 1478; x_wconf 90' lang='lat' dir='ltr'>ii.</span> <span class='ocrx_word' id='word_1_183' title='bbox 752 1451 804 1479; x_wconf 86' lang='lat'>55.</span> 
     </span>
     <span class='ocr_line' id='line_1_32' title="bbox 148 1490 805 1531; baseline 0 -9"><span class='ocrx_word' id='word_1_184' title='bbox 148 1501 260 1522; x_wconf 87' lang='lat' dir='ltr'>eorum</span> <span class='ocrx_word' id='word_1_185' title='bbox 274 1491 416 1521; x_wconf 84' lang='lat' dir='ltr'>instituta</span> <span class='ocrx_word' id='word_1_186' title='bbox 430 1497 461 1521; x_wconf 91' lang='lat' dir='ltr'>et</span> <span class='ocrx_word' id='word_1_187' title='bbox 471 1491 552 1531; x_wconf 86' lang='lat' dir='ltr'>jura,</span> <span class='ocrx_word' id='word_1_188' title='bbox 570 1490 602 1520; x_wconf 84' lang='lat' dir='ltr'>ii.</span> <span class='ocrx_word' id='word_1_189' title='bbox 615 1494 667 1521; x_wconf 89' lang='lat'>55.</span> <span class='ocrx_word' id='word_1_190' title='bbox 680 1495 733 1522; x_wconf 89' lang='lat'>56-</span> <span class='ocrx_word' id='word_1_191' title='bbox 749 1497 805 1522; x_wconf 84' lang='lat' dir='ltr'>etc.</span> 
     </span>
     <span class='ocr_line' id='line_1_33' title="bbox 145 1533 805 1573; baseline -0.002 -9"><span class='ocrx_word' id='word_1_192' title='bbox 145 1534 292 1565; x_wconf 88' lang='lat' dir='ltr'>omnium</span> <span class='ocrx_word' id='word_1_193' title='bbox 312 1533 479 1564; x_wconf 90' lang='lat' dir='ltr'>hominum</span> <span class='ocrx_word' id='word_1_194' title='bbox 499 1533 616 1573; x_wconf 87' lang='lat' dir='ltr'>primos</span> <span class='ocrx_word' id='word_1_195' title='bbox 629 1544 663 1563; x_wconf 88' lang='lat' dir='ltr'>se</span> <span class='ocrx_word' id='word_1_196' title='bbox 677 1533 805 1564; x_wconf 88' lang='lat' dir='ltr'>arbitra-</span> 
     </span>
     <span class='ocr_line' id='line_1_34' title="bbox 147 1576 804 1617; baseline -0.002 -10"><span class='ocrx_word' id='word_1_197' title='bbox 147 1576 181 1614; x_wconf 82' lang='lat' dir='ltr'>ti,</span> <span class='ocrx_word' id='word_1_198' title='bbox 197 1577 228 1607; x_wconf 87' lang='lat' dir='ltr'>ii.</span> <span class='ocrx_word' id='word_1_199' title='bbox 251 1581 280 1607; x_wconf 78' lang='lat'>2.</span> <span class='ocrx_word' id='word_1_200' title='bbox 326 1577 468 1617; x_wconf 83' lang='lat' dir='ltr'>Phrygas</span> <span class='ocrx_word' id='word_1_201' title='bbox 489 1583 596 1607; x_wconf 88' lang='lat' dir='ltr'>tamen</span> <span class='ocrx_word' id='word_1_202' title='bbox 607 1586 673 1606; x_wconf 87' lang='lat' dir='ltr'>esse</span> <span class='ocrx_word' id='word_1_203' title='bbox 687 1577 804 1616; x_wconf 84' lang='lat' dir='ltr'>priores</span> 
     </span>
     <span class='ocr_line' id='line_1_35' title="bbox 148 1619 804 1659; baseline 0 -10"><span class='ocrx_word' id='word_1_204' title='bbox 148 1620 336 1650; x_wconf 87' lang='lat' dir='ltr'>concedunt.</span> <span class='ocrx_word' id='word_1_205' title='bbox 358 1619 434 1650; x_wconf 87' lang='lat' dir='ltr'>ibid.</span> <span class='ocrx_word' id='word_1_206' title='bbox 454 1619 489 1649; x_wconf 89' lang='lat' dir='ltr'>in</span> <span class='ocrx_word' id='word_1_207' title='bbox 503 1626 623 1659; x_wconf 78' lang='lat' dir='ltr'>septem</span> <span class='ocrx_word' id='word_1_208' title='bbox 637 1620 804 1649; x_wconf 89' lang='lat' dir='ltr'>hominum</span> 
     </span>
     <span class='ocr_line' id='line_1_36' title="bbox 147 1661 804 1703; baseline -0.002 -11"><span class='ocrx_word' id='word_1_209' title='bbox 147 1672 263 1703; x_wconf 87' lang='lat' dir='ltr'>genera</span> <span class='ocrx_word' id='word_1_210' title='bbox 284 1661 447 1697; x_wconf 76' lang='lat' dir='ltr'>distributi,</span> <span class='ocrx_word' id='word_1_211' title='bbox 477 1662 509 1692; x_wconf 91' lang='lat' dir='ltr'>ii.</span> <span class='ocrx_word' id='word_1_212' title='bbox 535 1666 606 1693; x_wconf 83' lang='lat'>164.</span> <span class='ocrx_word' id='word_1_213' title='bbox 637 1662 804 1692; x_wconf 89' lang='lat' dir='ltr'>hominum</span> 
     </span>
     <span class='ocr_line' id='line_1_37' title="bbox 149 1704 801 1744; baseline -0.003 -9"><span class='ocrx_word' id='word_1_214' title='bbox 149 1705 377 1744; x_wconf 75' lang='lat' dir='ltr'>sapientissimi,</span> <span class='ocrx_word' id='word_1_215' title='bbox 406 1704 437 1733; x_wconf 88' lang='lat' dir='ltr'>ii.</span> <span class='ocrx_word' id='word_1_216' title='bbox 462 1708 533 1734; x_wconf 85' lang='lat'>160.</span> <span class='ocrx_word' id='word_1_217' title='bbox 558 1704 732 1734; x_wconf 83' lang='lat' dir='ltr'>multarum</span> <span class='ocrx_word' id='word_1_218' title='bbox 753 1714 801 1734; x_wconf 91' lang='lat' dir='ltr'>re-</span> 
     </span>
     <span class='ocr_line' id='line_1_38' title="bbox 148 1746 798 1788; baseline -0.003 -10"><span class='ocrx_word' id='word_1_219' title='bbox 148 1757 222 1778; x_wconf 86' lang='lat' dir='ltr'>rum</span> <span class='ocrx_word' id='word_1_220' title='bbox 250 1746 430 1788; x_wconf 84' lang='lat' dir='ltr'>cognitione</span> <span class='ocrx_word' id='word_1_221' title='bbox 458 1746 577 1776; x_wconf 81' lang='lat' dir='ltr'>caeteris</span> <span class='ocrx_word' id='word_1_222' title='bbox 597 1746 798 1783; x_wconf 84' lang='lat' dir='ltr'>antecellunt,</span> 
     </span>
     <span class='ocr_line' id='line_1_39' title="bbox 149 1788 800 1828; baseline -0.005 -8"><span class='ocrx_word' id='word_1_223' title='bbox 149 1790 183 1820; x_wconf 84' lang='lat' dir='ltr'>ii.</span> <span class='ocrx_word' id='word_1_224' title='bbox 208 1793 277 1820; x_wconf 76' lang='lat'>121.</span> <span class='ocrx_word' id='word_1_225' title='bbox 299 1799 408 1820; x_wconf 90' lang='lat' dir='ltr'>eorum</span> <span class='ocrx_word' id='word_1_226' title='bbox 430 1788 565 1823; x_wconf 79' lang='lat' dir='ltr'>inventa,</span> <span class='ocrx_word' id='word_1_227' title='bbox 582 1789 614 1818; x_wconf 89' lang='lat' dir='ltr'>ii.</span> <span class='ocrx_word' id='word_1_228' title='bbox 628 1793 658 1819; x_wconf 84' lang='lat'>4.</span> <span class='ocrx_word' id='word_1_229' title='bbox 673 1793 723 1819; x_wconf 72' lang='grc'>82.</span> <span class='ocrx_word' id='word_1_230' title='bbox 737 1790 800 1828; x_wconf 79' lang='lat' dir='ltr'>pri.</span> 
     </span>
     <span class='ocr_line' id='line_1_40' title="bbox 147 1831 796 1863; baseline -0.003 0"><span class='ocrx_word' id='word_1_231' title='bbox 147 1832 193 1863; x_wconf 86' lang='lat' dir='ltr'>mi</span> <span class='ocrx_word' id='word_1_232' title='bbox 221 1831 488 1862; x_wconf 85' lang='lat' dir='ltr'>immortalitatem</span> <span class='ocrx_word' id='word_1_233' title='bbox 516 1831 693 1861; x_wconf 87' lang='lat' dir='ltr'>animarum</span> <span class='ocrx_word' id='word_1_234' title='bbox 715 1842 796 1861; x_wconf 85' lang='lat' dir='ltr'>asse-</span> 
     </span>
     <span class='ocr_line' id='line_1_41' title="bbox 146 1874 799 1916; baseline -0.005 -10"><span class='ocrx_word' id='word_1_235' title='bbox 146 1882 302 1916; x_wconf 85' lang='lat' dir='ltr'>verarunt,</span> <span class='ocrx_word' id='word_1_236' title='bbox 325 1874 356 1904; x_wconf 86' lang='lat' dir='ltr'>ii.</span> <span class='ocrx_word' id='word_1_237' title='bbox 381 1878 450 1904; x_wconf 76' lang='grc'><strong>125.</strong></span> <span class='ocrx_word' id='word_1_238' title='bbox 464 1874 558 1913; x_wconf 87' lang='lat' dir='ltr'>primi</span> <span class='ocrx_word' id='word_1_239' title='bbox 573 1884 694 1904; x_wconf 86' lang='lat' dir='ltr'>annum</span> <span class='ocrx_word' id='word_1_240' title='bbox 708 1883 799 1904; x_wconf 82' lang='lat' dir='ltr'>exco-</span> 
     </span>
     <span class='ocr_line' id='line_1_42' title="bbox 149 1916 798 1959; baseline -0.003 -11"><span class='ocrx_word' id='word_1_241' title='bbox 149 1918 298 1959; x_wconf 81' lang='lat' dir='ltr'>gitarunt,</span> <span class='ocrx_word' id='word_1_242' title='bbox 323 1923 355 1948; x_wconf 90' lang='lat' dir='ltr'>et</span> <span class='ocrx_word' id='word_1_243' title='bbox 369 1916 404 1947; x_wconf 88' lang='lat' dir='ltr'>in</span> <span class='ocrx_word' id='word_1_244' title='bbox 416 1926 539 1947; x_wconf 86' lang='lat' dir='ltr'>menses</span> <span class='ocrx_word' id='word_1_245' title='bbox 554 1916 722 1947; x_wconf 87' lang='lat' dir='ltr'>duodecim</span> <span class='ocrx_word' id='word_1_246' title='bbox 736 1916 798 1946; x_wconf 85' lang='lat' dir='ltr'>dis-</span> 
     </span>
     <span class='ocr_line' id='line_1_43' title="bbox 147 1959 797 1999; baseline -0.005 -8"><span class='ocrx_word' id='word_1_247' title='bbox 147 1961 333 1996; x_wconf 86' lang='lat' dir='ltr'>tribuerunt,</span> <span class='ocrx_word' id='word_1_248' title='bbox 356 1959 388 1991; x_wconf 92' lang='lat' dir='ltr'>ii.</span> <span class='ocrx_word' id='word_1_249' title='bbox 410 1963 440 1990; x_wconf 96' lang='lat'>4.</span> <span class='ocrx_word' id='word_1_250' title='bbox 464 1959 679 1999; x_wconf 80' lang='lat' dir='ltr'>prodigiorum</span> <span class='ocrx_word' id='word_1_251' title='bbox 693 1960 797 1989; x_wconf 84' lang='lat' dir='ltr'>obser-</span> 
     </span>
     <span class='ocr_line' id='line_1_44' title="bbox 145 2002 799 2038; baseline -0.005 -4"><span class='ocrx_word' id='word_1_252' title='bbox 145 2002 327 2038; x_wconf 80' lang='lat' dir='ltr'>vantissimi‚</span> <span class='ocrx_word' id='word_1_253' title='bbox 349 2002 381 2033; x_wconf 88' lang='lat' dir='ltr'>ii.</span> <span class='ocrx_word' id='word_1_254' title='bbox 405 2006 455 2033; x_wconf 75' lang='lat'>82.</span> <span class='ocrx_word' id='word_1_255' title='bbox 469 2002 693 2033; x_wconf 85' lang='lat' dir='ltr'>divinationem</span> <span class='ocrx_word' id='word_1_256' title='bbox 709 2002 799 2032; x_wconf 87' lang='lat' dir='ltr'>certis</span> 
     </span>
     <span class='ocr_line' id='line_1_45' title="bbox 146 2044 798 2086; baseline -0.005 -9"><span class='ocrx_word' id='word_1_257' title='bbox 146 2046 207 2077; x_wconf 87' lang='lat' dir='ltr'>diis</span> <span class='ocrx_word' id='word_1_258' title='bbox 227 2046 396 2082; x_wconf 78' lang='lat' dir='ltr'>vindicant,</span> <span class='ocrx_word' id='word_1_259' title='bbox 426 2045 458 2075; x_wconf 87' lang='lat' dir='ltr'>ii.</span> <span class='ocrx_word' id='word_1_260' title='bbox 481 2049 532 2076; x_wconf 87' lang='grc'>85.</span> <span class='ocrx_word' id='word_1_261' title='bbox 553 2046 661 2086; x_wconf 86' lang='lat' dir='ltr'>ignem</span> <span class='ocrx_word' id='word_1_262' title='bbox 682 2044 798 2074; x_wconf 84' lang='lat' dir='ltr'>animal</span> 
     </span>
     <span class='ocr_line' id='line_1_46' title="bbox 145 2087 799 2124; baseline -0.003 -4"><span class='ocrx_word' id='word_1_263' title='bbox 145 2099 213 2120; x_wconf 88' lang='lat' dir='ltr'>esse</span> <span class='ocrx_word' id='word_1_264' title='bbox 234 2094 385 2124; x_wconf 80' lang='lat' dir='ltr'>asserunt,</span> <span class='ocrx_word' id='word_1_265' title='bbox 408 2087 452 2118; x_wconf 89' lang='lat' dir='ltr'>iii.</span> <span class='ocrx_word' id='word_1_266' title='bbox 469 2092 519 2119; x_wconf 92' lang='lat'>16.</span> <span class='ocrx_word' id='word_1_267' title='bbox 535 2089 601 2120; x_wconf 84' lang='lat' dir='ltr'>suis</span> <span class='ocrx_word' id='word_1_268' title='bbox 613 2088 752 2118; x_wconf 84' lang='lat' dir='ltr'>moribus</span> <span class='ocrx_word' id='word_1_269' title='bbox 767 2093 799 2118; x_wconf 89' lang='lat' dir='ltr'>et</span> 
     </span>
     <span class='ocr_line' id='line_1_47' title="bbox 145 2131 798 2166; baseline -0.005 -3"><span class='ocrx_word' id='word_1_270' title='bbox 145 2132 299 2163; x_wconf 86' lang='lat' dir='ltr'>institutis</span> <span class='ocrx_word' id='word_1_271' title='bbox 323 2131 470 2166; x_wconf 88' lang='lat' dir='ltr'>contenti,</span> <span class='ocrx_word' id='word_1_272' title='bbox 498 2131 529 2162; x_wconf 87' lang='lat' dir='ltr'>ii.</span> <span class='ocrx_word' id='word_1_273' title='bbox 559 2134 611 2162; x_wconf 87' lang='lat'>78.</span> <span class='ocrx_word' id='word_1_274' title='bbox 639 2141 697 2161; x_wconf 89' lang='lat' dir='ltr'>nec</span> <span class='ocrx_word' id='word_1_275' title='bbox 726 2131 798 2161; x_wconf 85' lang='lat' dir='ltr'>ullis</span> 
     </span>
     <span class='ocr_line' id='line_1_48' title="bbox 147 2173 799 2210; baseline -0.002 -5"><span class='ocrx_word' id='word_1_276' title='bbox 147 2174 218 2206; x_wconf 89' lang='lat' dir='ltr'>aliis</span> <span class='ocrx_word' id='word_1_277' title='bbox 239 2175 287 2205; x_wconf 88' lang='lat' dir='ltr'>uti</span> <span class='ocrx_word' id='word_1_278' title='bbox 301 2174 421 2210; x_wconf 83' lang='lat' dir='ltr'>volunt,</span> <span class='ocrx_word' id='word_1_279' title='bbox 436 2174 468 2204; x_wconf 91' lang='lat' dir='ltr'>ii.</span> <span class='ocrx_word' id='word_1_280' title='bbox 483 2177 532 2205; x_wconf 89' lang='lat'>91.</span> <span class='ocrx_word' id='word_1_281' title='bbox 549 2173 628 2203; x_wconf 83' lang='lat' dir='ltr'>nihil</span> <span class='ocrx_word' id='word_1_282' title='bbox 643 2184 662 2204; x_wconf 86' lang='lat' dir='ltr'>a</span> <span class='ocrx_word' id='word_1_283' title='bbox 680 2174 799 2204; x_wconf 78' lang='lat' dir='ltr'>Graecis</span> 
     </span>
     <span class='ocr_line' id='line_1_49' title="bbox 146 2216 797 2254; baseline -0.002 -6"><span class='ocrx_word' id='word_1_284' title='bbox 146 2217 293 2254; x_wconf 85' lang='lat' dir='ltr'>mutuati,</span> <span class='ocrx_word' id='word_1_285' title='bbox 308 2217 341 2248; x_wconf 87' lang='lat' dir='ltr'>ii.</span> <span class='ocrx_word' id='word_1_286' title='bbox 356 2221 406 2250; x_wconf 90' lang='grc'><strong>49.</strong></span> <span class='ocrx_word' id='word_1_287' title='bbox 421 2227 531 2247; x_wconf 88' lang='lat' dir='ltr'>eorum</span> <span class='ocrx_word' id='word_1_288' title='bbox 542 2217 576 2246; x_wconf 87' lang='lat' dir='ltr'>in</span> <span class='ocrx_word' id='word_1_289' title='bbox 590 2217 718 2248; x_wconf 87' lang='lat' dir='ltr'>Graecos</span> <span class='ocrx_word' id='word_1_290' title='bbox 733 2216 797 2247; x_wconf 90' lang='lat' dir='ltr'>dic-</span> 
     </span>
     <span class='ocr_line' id='line_1_50' title="bbox 146 2259 799 2301; baseline -0.003 -10"><span class='ocrx_word' id='word_1_291' title='bbox 146 2260 270 2298; x_wconf 85' lang='lat' dir='ltr'>terium,</span> <span class='ocrx_word' id='word_1_292' title='bbox 311 2259 343 2291; x_wconf 91' lang='lat' dir='ltr'>ii.</span> <span class='ocrx_word' id='word_1_293' title='bbox 375 2264 423 2291; x_wconf 85' lang='lat'>15.</span> <span class='ocrx_word' id='word_1_294' title='bbox 456 2259 570 2301; x_wconf 88' lang='lat' dir='ltr'>quibus</span> <span class='ocrx_word' id='word_1_295' title='bbox 599 2259 799 2299; x_wconf 88' lang='lat' dir='ltr'>potissimum</span> 
     </span>
     <span class='ocr_line' id='line_1_51' title="bbox 146 2302 796 2344; baseline -0.002 -11"><span class='ocrx_word' id='word_1_296' title='bbox 146 2303 230 2334; x_wconf 86' lang='lat' dir='ltr'>inter</span> <span class='ocrx_word' id='word_1_297' title='bbox 244 2313 298 2334; x_wconf 86' lang='lat' dir='ltr'>eos</span> <span class='ocrx_word' id='word_1_298' title='bbox 311 2303 378 2334; x_wconf 90' lang='lat' dir='ltr'>sine</span> <span class='ocrx_word' id='word_1_299' title='bbox 396 2302 588 2344; x_wconf 80' lang='lat' dir='ltr'>agricultura</span> <span class='ocrx_word' id='word_1_300' title='bbox 602 2303 708 2343; x_wconf 83' lang='lat' dir='ltr'>fruges</span> <span class='ocrx_word' id='word_1_301' title='bbox 725 2312 796 2342; x_wconf 89' lang='lat' dir='ltr'>pro-</span> 
     </span>
     <span class='ocr_line' id='line_1_52' title="bbox 145 2345 799 2388; baseline -0.005 -11"><span class='ocrx_word' id='word_1_302' title='bbox 145 2347 293 2385; x_wconf 78' lang='lat' dir='ltr'>veniant3</span> <span class='ocrx_word' id='word_1_303' title='bbox 322 2352 422 2388; x_wconf 89' lang='lat' dir='ltr'>utque</span> <span class='ocrx_word' id='word_1_304' title='bbox 439 2346 525 2387; x_wconf 89' lang='lat' dir='ltr'>jacto</span> <span class='ocrx_word' id='word_1_305' title='bbox 547 2346 664 2376; x_wconf 89' lang='lat' dir='ltr'>semine</span> <span class='ocrx_word' id='word_1_306' title='bbox 686 2345 718 2374; x_wconf 88' lang='lat' dir='ltr'>in</span> <span class='ocrx_word' id='word_1_307' title='bbox 742 2355 799 2375; x_wconf 89' lang='lat' dir='ltr'>sua</span> 
     </span>
     <span class='ocr_line' id='line_1_53' title="bbox 145 2388 798 2424; baseline -0.005 -4"><span class='ocrx_word' id='word_1_308' title='bbox 145 2398 221 2420; x_wconf 81' lang='lat' dir='ltr'>rura</span> <span class='ocrx_word' id='word_1_309' title='bbox 245 2399 317 2420; x_wconf 88' lang='lat' dir='ltr'>sues</span> <span class='ocrx_word' id='word_1_310' title='bbox 344 2389 524 2424; x_wconf 82' lang='lat' dir='ltr'>immittant,</span> <span class='ocrx_word' id='word_1_311' title='bbox 550 2389 580 2418; x_wconf 89' lang='lat' dir='ltr'>ii.</span> <span class='ocrx_word' id='word_1_312' title='bbox 608 2392 658 2418; x_wconf 89' lang='lat'>14.</span> <span class='ocrx_word' id='word_1_313' title='bbox 682 2388 798 2418; x_wconf 85' lang='lat' dir='ltr'>vitibus</span> 
     </span>
     <span class='ocr_line' id='line_1_54' title="bbox 146 2431 795 2467; baseline -0.003 -5"><span class='ocrx_word' id='word_1_314' title='bbox 146 2438 261 2467; x_wconf 85' lang='lat' dir='ltr'>carent,</span> <span class='ocrx_word' id='word_1_315' title='bbox 275 2432 307 2465; x_wconf 87' lang='lat' dir='ltr'>ii.</span> <span class='ocrx_word' id='word_1_316' title='bbox 320 2434 371 2463; x_wconf 89' lang='lat'>77.</span> <span class='ocrx_word' id='word_1_317' title='bbox 383 2442 492 2463; x_wconf 87' lang='lat' dir='ltr'>eorum</span> <span class='ocrx_word' id='word_1_318' title='bbox 499 2431 609 2461; x_wconf 89' lang='lat' dir='ltr'>vinum</span> <span class='ocrx_word' id='word_1_319' title='bbox 620 2441 658 2461; x_wconf 86' lang='lat' dir='ltr'>ex</span> <span class='ocrx_word' id='word_1_320' title='bbox 670 2431 795 2465; x_wconf 89' lang='lat' dir='ltr'>hordeo,</span> 
     </span>
     <span class='ocr_line' id='line_1_55' title="bbox 145 2474 797 2510; baseline -0.002 -6"><span class='ocrx_word' id='word_1_321' title='bbox 145 2474 220 2505; x_wconf 90' lang='lat' dir='ltr'>ibid.</span> <span class='ocrx_word' id='word_1_322' title='bbox 248 2474 327 2505; x_wconf 83' lang='lat' dir='ltr'>fabis</span> <span class='ocrx_word' id='word_1_323' title='bbox 354 2475 519 2510; x_wconf 82' lang='lat' dir='ltr'>abstinent,</span> <span class='ocrx_word' id='word_1_324' title='bbox 547 2475 579 2504; x_wconf 91' lang='lat' dir='ltr'>ii.</span> <span class='ocrx_word' id='word_1_325' title='bbox 606 2477 658 2505; x_wconf 74' lang='lat'>37.</span> <span class='ocrx_word' id='word_1_326' title='bbox 687 2483 797 2504; x_wconf 90' lang='lat' dir='ltr'>eorum</span> 
     </span>
     <span class='ocr_line' id='line_1_56' title="bbox 145 2516 796 2557; baseline -0.003 -9"><span class='ocrx_word' id='word_1_327' title='bbox 145 2518 255 2553; x_wconf 87' lang='lat' dir='ltr'>victus,</span> <span class='ocrx_word' id='word_1_328' title='bbox 280 2517 354 2548; x_wconf 89' lang='lat' dir='ltr'>ibid.</span> <span class='ocrx_word' id='word_1_329' title='bbox 375 2527 485 2547; x_wconf 87' lang='lat' dir='ltr'>eorum</span> <span class='ocrx_word' id='word_1_330' title='bbox 499 2516 649 2557; x_wconf 85' lang='lat' dir='ltr'>praecipui</span> <span class='ocrx_word' id='word_1_331' title='bbox 662 2521 796 2546; x_wconf 67' lang='lat' dir='ltr'>conven-</span> 
     </span>
     <span class='ocr_line' id='line_1_57' title="bbox 147 2559 798 2594; baseline -0.003 -3"><span class='ocrx_word' id='word_1_332' title='bbox 147 2566 209 2591; x_wconf 90' lang='lat' dir='ltr'>tus.</span> <span class='ocrx_word' id='word_1_333' title='bbox 239 2559 271 2590; x_wconf 88' lang='lat' dir='ltr'>ii.</span> <span class='ocrx_word' id='word_1_334' title='bbox 299 2563 350 2591; x_wconf 89' lang='lat'>59.</span> <span class='ocrx_word' id='word_1_335' title='bbox 375 2569 484 2590; x_wconf 71' lang='lat' dir='ltr'>conum</span> <span class='ocrx_word' id='word_1_336' title='bbox 506 2559 670 2594; x_wconf 85' lang='lat' dir='ltr'>cantilena,</span> <span class='ocrx_word' id='word_1_337' title='bbox 694 2559 724 2589; x_wconf 86' lang='lat' dir='ltr'>ii.</span> <span class='ocrx_word' id='word_1_338' title='bbox 748 2562 798 2590; x_wconf 88' lang='grc'>79.</span> 
     </span>
     <span class='ocr_line' id='line_1_58' title="bbox 147 2601 801 2643; baseline -0.003 -10"><span class='ocrx_word' id='word_1_339' title='bbox 147 2602 261 2633; x_wconf 91' lang='lat' dir='ltr'>medici</span> <span class='ocrx_word' id='word_1_340' title='bbox 283 2601 367 2641; x_wconf 89' lang='lat' dir='ltr'>apud</span> <span class='ocrx_word' id='word_1_341' title='bbox 390 2612 443 2632; x_wconf 91' lang='lat' dir='ltr'>eos</span> <span class='ocrx_word' id='word_1_342' title='bbox 456 2602 588 2643; x_wconf 87' lang='lat' dir='ltr'>singulis</span> <span class='ocrx_word' id='word_1_343' title='bbox 609 2602 725 2632; x_wconf 84' lang='lat' dir='ltr'>morbis</span> <span class='ocrx_word' id='word_1_344' title='bbox 737 2601 801 2630; x_wconf 88' lang='lat' dir='ltr'>sin-</span> 
     </span>
     <span class='ocr_line' id='line_1_59' title="bbox 147 2644 802 2686; baseline -0.002 -12"><span class='ocrx_word' id='word_1_345' title='bbox 147 2645 224 2686; x_wconf 89' lang='lat' dir='ltr'>guli,</span> <span class='ocrx_word' id='word_1_346' title='bbox 248 2645 280 2675; x_wconf 90' lang='lat' dir='ltr'>ii.</span> <span class='ocrx_word' id='word_1_347' title='bbox 303 2648 354 2674; x_wconf 87' lang='lat'>84.</span> <span class='ocrx_word' id='word_1_348' title='bbox 375 2655 485 2675; x_wconf 83' lang='lat' dir='ltr'>eorum</span> <span class='ocrx_word' id='word_1_349' title='bbox 507 2654 599 2679; x_wconf 87' lang='lat' dir='ltr'>sacra,</span> <span class='ocrx_word' id='word_1_350' title='bbox 622 2644 652 2674; x_wconf 91' lang='lat' dir='ltr'>ii.</span> <span class='ocrx_word' id='word_1_351' title='bbox 677 2649 727 2676; x_wconf 83' lang='lat'>59.</span> <span class='ocrx_word' id='word_1_352' title='bbox 750 2647 802 2675; x_wconf 77' lang='lat'>40.</span> 
     </span>
     <span class='ocr_line' id='line_1_60' title="bbox 148 2687 802 2728; baseline -0.003 -10"><span class='ocrx_word' id='word_1_353' title='bbox 148 2698 259 2718; x_wconf 84' lang='lat' dir='ltr'>eorum</span> <span class='ocrx_word' id='word_1_354' title='bbox 292 2687 477 2721; x_wconf 62' lang='lat' dir='ltr'>sacerdotis,</span> <span class='ocrx_word' id='word_1_355' title='bbox 515 2687 544 2717; x_wconf 83' lang='lat' dir='ltr'>ii.</span> <span class='ocrx_word' id='word_1_356' title='bbox 581 2691 634 2718; x_wconf 83' lang='lat'>57.</span> <span class='ocrx_word' id='word_1_357' title='bbox 667 2696 802 2728; x_wconf 90' lang='lat' dir='ltr'>quorum</span> 
     </span>
     <span class='ocr_line' id='line_1_61' title="bbox 147 2729 797 2770; baseline 0 -10"><span class='ocrx_word' id='word_1_358' title='bbox 147 2741 234 2761; x_wconf 91' lang='lat' dir='ltr'>unus</span> <span class='ocrx_word' id='word_1_359' title='bbox 276 2736 322 2761; x_wconf 83' lang='lat' dir='ltr'>est</span> <span class='ocrx_word' id='word_1_360' title='bbox 364 2730 513 2770; x_wconf 86' lang='lat' dir='ltr'>pontifex,</span> <span class='ocrx_word' id='word_1_361' title='bbox 550 2729 624 2759; x_wconf 88' lang='lat' dir='ltr'>ibid.</span> <span class='ocrx_word' id='word_1_362' title='bbox 660 2736 797 2770; x_wconf 86' lang='lat' dir='ltr'>suntque</span> 
     </span>
     <span class='ocr_line' id='line_1_62' title="bbox 146 2772 795 2811; baseline -0.003 -7"><span class='ocrx_word' id='word_1_363' title='bbox 146 2773 216 2808; x_wconf 84' lang='lat' dir='ltr'>rasi,</span> <span class='ocrx_word' id='word_1_364' title='bbox 238 2773 270 2804; x_wconf 93' lang='lat' dir='ltr'>ii.</span> <span class='ocrx_word' id='word_1_365' title='bbox 290 2777 341 2804; x_wconf 90' lang='lat'>56.</span> <span class='ocrx_word' id='word_1_366' title='bbox 363 2776 413 2804; x_wconf 87' lang='grc'>57.</span> <span class='ocrx_word' id='word_1_367' title='bbox 430 2782 539 2803; x_wconf 89' lang='lat' dir='ltr'>eorum</span> <span class='ocrx_word' id='word_1_368' title='bbox 554 2772 795 2811; x_wconf 85' lang='lat' dir='ltr'>superstitiones,</span> 
     </span>
    </p>
   </div>
   <div class='ocr_carea' id='block_1_3' title="bbox 144 2815 799 2898">
    <p class='ocr_par' dir='ltr' id='par_1_7' title="bbox 144 2815 799 2898">
     <span class='ocr_line' id='line_1_63' title="bbox 146 2815 799 2856; baseline -0.003 -10"><span class='ocrx_word' id='word_1_369' title='bbox 146 2815 181 2846; x_wconf 59' lang='lat' dir='ltr'>ii.</span> <span class='ocrx_word' id='word_1_370' title='bbox 193 2819 242 2847; x_wconf 90' lang='lat'>65.</span> <span class='ocrx_word' id='word_1_371' title='bbox 257 2822 288 2847; x_wconf 92' lang='lat' dir='ltr'>et</span> <span class='ocrx_word' id='word_1_372' title='bbox 302 2816 487 2847; x_wconf 85' lang='lat' dir='ltr'>nominatim</span> <span class='ocrx_word' id='word_1_373' title='bbox 498 2816 579 2846; x_wconf 86' lang='lat' dir='ltr'>circa</span> <span class='ocrx_word' id='word_1_374' title='bbox 586 2815 698 2846; x_wconf 85' lang='lat' dir='ltr'>bestias</span> <span class='ocrx_word' id='word_1_375' title='bbox 708 2825 799 2856; x_wconf 88' lang='lat' dir='ltr'>quas-</span> 
     </span>
     <span class='ocr_line' id='line_1_64' title="bbox 144 2858 798 2898; baseline -0.002 -9"><span class='ocrx_word' id='word_1_376' title='bbox 144 2858 230 2894; x_wconf 86' lang='lat' dir='ltr'>dam,</span> <span class='ocrx_word' id='word_1_377' title='bbox 253 2859 326 2889; x_wconf 88' lang='lat' dir='ltr'>ibid.</span> <span class='ocrx_word' id='word_1_378' title='bbox 346 2859 408 2889; x_wconf 88' lang='lat' dir='ltr'>illis</span> <span class='ocrx_word' id='word_1_379' title='bbox 429 2858 576 2889; x_wconf 86' lang='lat' dir='ltr'>sacrificia</span> <span class='ocrx_word' id='word_1_380' title='bbox 595 2860 654 2889; x_wconf 88' lang='lat' dir='ltr'>sub</span> <span class='ocrx_word' id='word_1_381' title='bbox 671 2858 798 2898; x_wconf 88' lang='lat' dir='ltr'>Cheope</span> 
     </span>
    </p>
   </div>
   <div class='ocr_carea' id='block_1_4' title="bbox 880 207 1549 2770">
    <p class='ocr_par' dir='ltr' id='par_1_8' title="bbox 880 207 1549 2770">
     <span class='ocr_line' id='line_1_65' title="bbox 892 207 1548 243; baseline 0.003 -4"><span class='ocrx_word' id='word_1_382' title='bbox 892 214 969 243; x_wconf 82' lang='lat' dir='ltr'>tuta,</span> <span class='ocrx_word' id='word_1_383' title='bbox 992 207 1023 237; x_wconf 87' lang='lat' dir='ltr'>ii.</span> <span class='ocrx_word' id='word_1_384' title='bbox 1040 210 1109 239; x_wconf 77' lang='lat'>129.</span> <span class='ocrx_word' id='word_1_385' title='bbox 1124 217 1233 238; x_wconf 86' lang='lat' dir='ltr'>eorum</span> <span class='ocrx_word' id='word_1_386' title='bbox 1248 208 1329 239; x_wconf 88' lang='lat' dir='ltr'>circa</span> <span class='ocrx_word' id='word_1_387' title='bbox 1346 209 1492 241; x_wconf 80' lang='lat' dir='ltr'>Cererem</span> <span class='ocrx_word' id='word_1_388' title='bbox 1515 216 1548 241; x_wconf 88' lang='lat' dir='ltr'>et</span> 
     </span>
     <span class='ocr_line' id='line_1_66' title="bbox 896 250 1546 290; baseline 0.003 -8"><span class='ocrx_word' id='word_1_389' title='bbox 896 250 1150 290; x_wconf 80' lang='lat' dir='ltr'>Rhampsinitum</span> <span class='ocrx_word' id='word_1_390' title='bbox 1185 251 1375 287; x_wconf 62' lang='lat' dir='ltr'>ceremonias,</span> <span class='ocrx_word' id='word_1_391' title='bbox 1405 253 1437 282; x_wconf 91' lang='lat' dir='ltr'>ii.</span> <span class='ocrx_word' id='word_1_392' title='bbox 1474 257 1546 285; x_wconf 73' lang='lat'>1⁴25.</span> 
     </span>
     <span class='ocr_line' id='line_1_67' title="bbox 892 294 1545 327; baseline 0.005 -3"><span class='ocrx_word' id='word_1_393' title='bbox 892 295 1023 324; x_wconf 85' lang='lat' dir='ltr'>deorum</span> <span class='ocrx_word' id='word_1_394' title='bbox 1045 294 1151 323; x_wconf 89' lang='lat' dir='ltr'>omnia</span> <span class='ocrx_word' id='word_1_395' title='bbox 1171 294 1236 324; x_wconf 82' lang='lat' dir='ltr'>fere</span> <span class='ocrx_word' id='word_1_396' title='bbox 1257 295 1386 325; x_wconf 82' lang='lat' dir='ltr'>nomina</span> <span class='ocrx_word' id='word_1_397' title='bbox 1400 297 1438 326; x_wconf 86' lang='lat' dir='ltr'>ab</span> <span class='ocrx_word' id='word_1_398' title='bbox 1453 295 1490 326; x_wconf 90' lang='lat' dir='ltr'>iis</span> <span class='ocrx_word' id='word_1_399' title='bbox 1505 297 1545 327; x_wconf 89' lang='lat' dir='ltr'>ad</span> 
     </span>
     <span class='ocr_line' id='line_1_68' title="bbox 899 337 1546 375; baseline 0.006 -10"><span class='ocrx_word' id='word_1_400' title='bbox 899 337 1025 366; x_wconf 83' lang='lat' dir='ltr'>Graecos</span> <span class='ocrx_word' id='word_1_401' title='bbox 1035 343 1250 375; x_wconf 86' lang='lat' dir='ltr'>pervenerunt,</span> <span class='ocrx_word' id='word_1_402' title='bbox 1267 337 1298 368; x_wconf 93' lang='lat' dir='ltr'>ii.</span> <span class='ocrx_word' id='word_1_403' title='bbox 1313 341 1365 369; x_wconf 85' lang='lat'>50.</span> <span class='ocrx_word' id='word_1_404' title='bbox 1379 337 1546 369; x_wconf 86' lang='lat' dir='ltr'>duodecim</span> 
     </span>
     <span class='ocr_line' id='line_1_69' title="bbox 894 378 1547 419; baseline 0.006 -11"><span class='ocrx_word' id='word_1_405' title='bbox 894 378 1025 409; x_wconf 83' lang='lat' dir='ltr'>deorum</span> <span class='ocrx_word' id='word_1_406' title='bbox 1047 380 1233 419; x_wconf 85' lang='lat' dir='ltr'>cognomina</span> <span class='ocrx_word' id='word_1_407' title='bbox 1252 381 1345 419; x_wconf 90' lang='lat' dir='ltr'>primi</span> <span class='ocrx_word' id='word_1_408' title='bbox 1366 381 1400 411; x_wconf 91' lang='lat' dir='ltr'>in</span> <span class='ocrx_word' id='word_1_409' title='bbox 1415 392 1476 412; x_wconf 89' lang='lat' dir='ltr'>usu</span> <span class='ocrx_word' id='word_1_410' title='bbox 1490 383 1547 412; x_wconf 88' lang='lat' dir='ltr'>ha-</span> 
     </span>
     <span class='ocr_line' id='line_1_70' title="bbox 894 421 1543 461; baseline 0.005 -9"><span class='ocrx_word' id='word_1_411' title='bbox 894 423 1038 458; x_wconf 79' lang='lat' dir='ltr'>buerunt,</span> <span class='ocrx_word' id='word_1_412' title='bbox 1062 421 1091 452; x_wconf 90' lang='lat' dir='ltr'>ii.</span> <span class='ocrx_word' id='word_1_413' title='bbox 1116 426 1145 452; x_wconf 90' lang='lat'>4.</span> <span class='ocrx_word' id='word_1_414' title='bbox 1168 423 1261 461; x_wconf 89' lang='lat' dir='ltr'>primi</span> <span class='ocrx_word' id='word_1_415' title='bbox 1281 424 1340 454; x_wconf 91' lang='lat' dir='ltr'>diis</span> <span class='ocrx_word' id='word_1_416' title='bbox 1361 433 1428 455; x_wconf 83' lang='lat' dir='ltr'>aras</span> <span class='ocrx_word' id='word_1_417' title='bbox 1450 431 1481 455; x_wconf 89' lang='lat' dir='ltr'>et</span> <span class='ocrx_word' id='word_1_418' title='bbox 1503 425 1543 455; x_wconf 88' lang='lat' dir='ltr'>si-</span> 
     </span>
     <span class='ocr_line' id='line_1_71' title="bbox 895 464 1547 498; baseline 0.008 -5"><span class='ocrx_word' id='word_1_419' title='bbox 895 464 1034 494; x_wconf 87' lang='lat' dir='ltr'>mulacra</span> <span class='ocrx_word' id='word_1_420' title='bbox 1058 471 1090 494; x_wconf 93' lang='lat' dir='ltr'>et</span> <span class='ocrx_word' id='word_1_421' title='bbox 1112 464 1241 496; x_wconf 84' lang='lat' dir='ltr'>delubra</span> <span class='ocrx_word' id='word_1_422' title='bbox 1262 472 1447 498; x_wconf 86' lang='lat' dir='ltr'>statuerunt.</span> <span class='ocrx_word' id='word_1_423' title='bbox 1471 467 1547 498; x_wconf 87' lang='lat' dir='ltr'>ibid.</span> 
     </span>
     <span class='ocr_line' id='line_1_72' title="bbox 895 507 1546 548; baseline 0.006 -12"><span class='ocrx_word' id='word_1_424' title='bbox 895 517 1032 548; x_wconf 90' lang='lat' dir='ltr'>quorum</span> <span class='ocrx_word' id='word_1_425' title='bbox 1067 507 1199 537; x_wconf 86' lang='lat' dir='ltr'>deorum</span> <span class='ocrx_word' id='word_1_426' title='bbox 1233 509 1365 539; x_wconf 88' lang='lat' dir='ltr'>nomina</span> <span class='ocrx_word' id='word_1_427' title='bbox 1393 510 1546 547; x_wconf 81' lang='lat' dir='ltr'>nesciant,</span> 
     </span>
     <span class='ocr_line' id='line_1_73' title="bbox 896 550 1544 590; baseline 0.006 -11"><span class='ocrx_word' id='word_1_428' title='bbox 896 550 927 580; x_wconf 90' lang='lat' dir='ltr'>ii.</span> <span class='ocrx_word' id='word_1_429' title='bbox 951 552 1000 581; x_wconf 87' lang='lat'>50.</span> <span class='ocrx_word' id='word_1_430' title='bbox 1023 559 1158 590; x_wconf 88' lang='lat' dir='ltr'>quorum</span> <span class='ocrx_word' id='word_1_431' title='bbox 1179 550 1311 582; x_wconf 88' lang='lat' dir='ltr'>deorum</span> <span class='ocrx_word' id='word_1_432' title='bbox 1333 553 1458 584; x_wconf 85' lang='lat' dir='ltr'>oracula</span> <span class='ocrx_word' id='word_1_433' title='bbox 1489 554 1544 583; x_wconf 89' lang='lat' dir='ltr'>ha-</span> 
     </span>
     <span class='ocr_line' id='line_1_74' title="bbox 895 592 1547 635; baseline 0.008 -13"><span class='ocrx_word' id='word_1_434' title='bbox 895 594 999 628; x_wconf 84' lang='lat' dir='ltr'>beant,</span> <span class='ocrx_word' id='word_1_435' title='bbox 1029 593 1060 622; x_wconf 87' lang='lat' dir='ltr'>ii.</span> <span class='ocrx_word' id='word_1_436' title='bbox 1091 596 1142 622; x_wconf 86' lang='lat'>85.</span> <span class='ocrx_word' id='word_1_437' title='bbox 1169 592 1211 623; x_wconf 91' lang='lat' dir='ltr'>dii</span> <span class='ocrx_word' id='word_1_438' title='bbox 1239 594 1409 635; x_wconf 87' lang='lat' dir='ltr'>aliquando</span> <span class='ocrx_word' id='word_1_439' title='bbox 1437 605 1547 626; x_wconf 88' lang='lat' dir='ltr'>eorum</span> 
     </span>
     <span class='ocr_line' id='line_1_75' title="bbox 892 635 1544 678; baseline 0.009 -14"><span class='ocrx_word' id='word_1_440' title='bbox 892 635 1105 675; x_wconf 86' lang='lat' dir='ltr'>principatum</span> <span class='ocrx_word' id='word_1_441' title='bbox 1125 635 1314 673; x_wconf 87' lang='lat' dir='ltr'>obtinebant,</span> <span class='ocrx_word' id='word_1_442' title='bbox 1338 638 1369 668; x_wconf 92' lang='lat' dir='ltr'>ii.</span> <span class='ocrx_word' id='word_1_443' title='bbox 1394 642 1462 669; x_wconf 85' lang='lat'>144.</span> <span class='ocrx_word' id='word_1_444' title='bbox 1484 650 1544 678; x_wconf 87' lang='lat' dir='ltr'>pu—</span> 
     </span>
     <span class='ocr_line' id='line_1_76' title="bbox 893 678 1546 716; baseline 0.005 -7"><span class='ocrx_word' id='word_1_445' title='bbox 893 678 997 709; x_wconf 88' lang='lat' dir='ltr'>denda</span> <span class='ocrx_word' id='word_1_446' title='bbox 1019 678 1256 716; x_wconf 86' lang='lat' dir='ltr'>circumcidunt,</span> <span class='ocrx_word' id='word_1_447' title='bbox 1273 680 1304 710; x_wconf 86' lang='lat' dir='ltr'>ii.</span> <span class='ocrx_word' id='word_1_448' title='bbox 1318 684 1369 711; x_wconf 89' lang='lat'>56.</span> <span class='ocrx_word' id='word_1_449' title='bbox 1387 685 1458 711; x_wconf 87' lang='lat'>104.</span> <span class='ocrx_word' id='word_1_450' title='bbox 1472 691 1546 712; x_wconf 91' lang='lat' dir='ltr'>cum</span> 
     </span>
     <span class='ocr_line' id='line_1_77' title="bbox 894 721 1546 757; baseline 0.005 -6"><span class='ocrx_word' id='word_1_451' title='bbox 894 721 968 751; x_wconf 82' lang='lat' dir='ltr'>feris</span> <span class='ocrx_word' id='word_1_452' title='bbox 992 726 1168 757; x_wconf 88' lang='lat' dir='ltr'>vescuntur,</span> <span class='ocrx_word' id='word_1_453' title='bbox 1200 721 1231 751; x_wconf 88' lang='lat' dir='ltr'>ii.</span> <span class='ocrx_word' id='word_1_454' title='bbox 1252 726 1304 753; x_wconf 92' lang='lat'>56.</span> <span class='ocrx_word' id='word_1_455' title='bbox 1326 733 1437 753; x_wconf 86' lang='lat' dir='ltr'>eorum</span> <span class='ocrx_word' id='word_1_456' title='bbox 1459 725 1546 754; x_wconf 77' lang='lat' dir='ltr'>victi-</span> 
     </span>
     <span class='ocr_line' id='line_1_78' title="bbox 896 763 1549 800; baseline 0.006 -7"><span class='ocrx_word' id='word_1_457' title='bbox 896 774 965 800; x_wconf 85' lang='lat' dir='ltr'>mae,</span> <span class='ocrx_word' id='word_1_458' title='bbox 996 763 1028 794; x_wconf 86' lang='lat' dir='ltr'>ii.</span> <span class='ocrx_word' id='word_1_459' title='bbox 1057 767 1107 794; x_wconf 87' lang='lat'>41.</span> <span class='ocrx_word' id='word_1_460' title='bbox 1130 770 1186 794; x_wconf 86' lang='lat' dir='ltr'>etc.</span> <span class='ocrx_word' id='word_1_461' title='bbox 1200 775 1289 794; x_wconf 89' lang='lat' dir='ltr'>suem</span> <span class='ocrx_word' id='word_1_462' title='bbox 1299 775 1364 796; x_wconf 91' lang='lat' dir='ltr'>non</span> <span class='ocrx_word' id='word_1_463' title='bbox 1387 766 1484 799; x_wconf 86' lang='lat' dir='ltr'>alunt.</span> <span class='ocrx_word' id='word_1_464' title='bbox 1508 767 1549 798; x_wconf 90' lang='lat' dir='ltr'>iv.</span> 
     </span>
     <span class='ocr_line' id='line_1_79' title="bbox 893 808 1548 848; baseline 0.005 -11"><span class='ocrx_word' id='word_1_465' title='bbox 893 811 964 838; x_wconf 90' lang='lat'>186.</span> <span class='ocrx_word' id='word_1_466' title='bbox 992 816 1056 848; x_wconf 88' lang='lat' dir='ltr'>quo</span> <span class='ocrx_word' id='word_1_467' title='bbox 1077 812 1216 846; x_wconf 86' lang='lat' dir='ltr'>tempore</span> <span class='ocrx_word' id='word_1_468' title='bbox 1237 818 1308 838; x_wconf 87' lang='lat' dir='ltr'>sues</span> <span class='ocrx_word' id='word_1_469' title='bbox 1329 808 1495 839; x_wconf 86' lang='lat' dir='ltr'>immolent</span> <span class='ocrx_word' id='word_1_470' title='bbox 1516 815 1548 840; x_wconf 92' lang='lat' dir='ltr'>et</span> 
     </span>
     <span class='ocr_line' id='line_1_80' title="bbox 893 851 1548 886; baseline 0.005 -6"><span class='ocrx_word' id='word_1_471' title='bbox 893 859 1002 881; x_wconf 88' lang='lat' dir='ltr'>earum</span> <span class='ocrx_word' id='word_1_472' title='bbox 1030 859 1123 880; x_wconf 84' lang='lat' dir='ltr'>carne</span> <span class='ocrx_word' id='word_1_473' title='bbox 1151 855 1324 886; x_wconf 85' lang='lat' dir='ltr'>vescantur,</span> <span class='ocrx_word' id='word_1_474' title='bbox 1355 851 1386 881; x_wconf 92' lang='lat' dir='ltr'>ii.</span> <span class='ocrx_word' id='word_1_475' title='bbox 1416 855 1466 883; x_wconf 95' lang='lat'>47.</span> <span class='ocrx_word' id='word_1_476' title='bbox 1495 856 1548 883; x_wconf 81' lang='lat'>48.</span> 
     </span>
     <span class='ocr_line' id='line_1_81' title="bbox 886 892 1549 932; baseline 0.003 -9"><span class='ocrx_word' id='word_1_477' title='bbox 886 903 997 923; x_wconf 88' lang='lat' dir='ltr'>eorum</span> <span class='ocrx_word' id='word_1_478' title='bbox 1044 892 1219 923; x_wconf 85' lang='lat' dir='ltr'>ablutiones</span> <span class='ocrx_word' id='word_1_479' title='bbox 1262 898 1333 932; x_wconf 89' lang='lat' dir='ltr'>post</span> <span class='ocrx_word' id='word_1_480' title='bbox 1371 900 1549 925; x_wconf 82' lang='lat' dir='ltr'>contactam</span> 
     </span>
     <span class='ocr_line' id='line_1_82' title="bbox 888 935 1543 976; baseline 0.002 -10"><span class='ocrx_word' id='word_1_481' title='bbox 888 946 988 971; x_wconf 84' lang='lat' dir='ltr'>suem,</span> <span class='ocrx_word' id='word_1_482' title='bbox 1004 935 1035 966; x_wconf 91' lang='lat' dir='ltr'>ii.</span> <span class='ocrx_word' id='word_1_483' title='bbox 1051 939 1103 966; x_wconf 87' lang='lat'>47.</span> <span class='ocrx_word' id='word_1_484' title='bbox 1117 935 1172 976; x_wconf 91' lang='lat' dir='ltr'>qui</span> <span class='ocrx_word' id='word_1_485' title='bbox 1189 936 1349 966; x_wconf 86' lang='lat' dir='ltr'>Thebanae</span> <span class='ocrx_word' id='word_1_486' title='bbox 1365 937 1543 976; x_wconf 73' lang='lat' dir='ltr'>provinciae,</span> 
     </span>
     <span class='ocr_line' id='line_1_83' title="bbox 888 978 1542 1018; baseline 0.003 -10"><span class='ocrx_word' id='word_1_487' title='bbox 888 980 928 1008; x_wconf 83' lang='lat' dir='ltr'>ab</span> <span class='ocrx_word' id='word_1_488' title='bbox 960 978 1036 1009; x_wconf 62' lang='lat' dir='ltr'>avib.</span> <span class='ocrx_word' id='word_1_489' title='bbox 1059 978 1217 1008; x_wconf 85' lang='lat' dir='ltr'>abstinent</span> <span class='ocrx_word' id='word_1_490' title='bbox 1247 984 1278 1008; x_wconf 88' lang='lat' dir='ltr'>et</span> <span class='ocrx_word' id='word_1_491' title='bbox 1300 989 1406 1018; x_wconf 82' lang='lat' dir='ltr'>capras</span> <span class='ocrx_word' id='word_1_492' title='bbox 1428 980 1542 1011; x_wconf 86' lang='lat' dir='ltr'>immo-</span> 
     </span>
     <span class='ocr_line' id='line_1_84' title="bbox 891 1021 1547 1063; baseline 0.005 -13"><span class='ocrx_word' id='word_1_493' title='bbox 891 1021 966 1055; x_wconf 87' lang='lat' dir='ltr'>lant,</span> <span class='ocrx_word' id='word_1_494' title='bbox 994 1021 1025 1050; x_wconf 92' lang='lat' dir='ltr'>ii.</span> <span class='ocrx_word' id='word_1_495' title='bbox 1055 1025 1107 1051; x_wconf 74' lang='lat'>42.</span> <span class='ocrx_word' id='word_1_496' title='bbox 1128 1027 1237 1050; x_wconf 86' lang='lat' dir='ltr'>contra</span> <span class='ocrx_word' id='word_1_497' title='bbox 1257 1021 1380 1052; x_wconf 84' lang='lat' dir='ltr'>faciunt</span> <span class='ocrx_word' id='word_1_498' title='bbox 1402 1023 1547 1063; x_wconf 83' lang='lat' dir='ltr'>AEgyptii</span> 
     </span>
     <span class='ocr_line' id='line_1_85' title="bbox 893 1062 1544 1103; baseline 0.005 -10"><span class='ocrx_word' id='word_1_499' title='bbox 893 1062 1068 1095; x_wconf 87' lang='lat' dir='ltr'>Mendesiae</span> <span class='ocrx_word' id='word_1_500' title='bbox 1090 1063 1266 1103; x_wconf 81' lang='lat' dir='ltr'>provinciae,</span> <span class='ocrx_word' id='word_1_501' title='bbox 1289 1064 1364 1094; x_wconf 89' lang='lat' dir='ltr'>ibid.</span> <span class='ocrx_word' id='word_1_502' title='bbox 1379 1072 1408 1096; x_wconf 79' lang='lat' dir='ltr'>et</span> <span class='ocrx_word' id='word_1_503' title='bbox 1422 1068 1473 1096; x_wconf 87' lang='lat'>46.</span> <span class='ocrx_word' id='word_1_504' title='bbox 1489 1065 1544 1096; x_wconf 91' lang='lat' dir='ltr'>de-</span> 
     </span>
     <span class='ocr_line' id='line_1_86' title="bbox 892 1106 1547 1147; baseline 0.003 -10"><span class='ocrx_word' id='word_1_505' title='bbox 892 1106 1018 1145; x_wconf 90' lang='lat' dir='ltr'>scriptio</span> <span class='ocrx_word' id='word_1_506' title='bbox 1040 1115 1150 1136; x_wconf 90' lang='lat' dir='ltr'>eorum</span> <span class='ocrx_word' id='word_1_507' title='bbox 1171 1106 1226 1146; x_wconf 90' lang='lat' dir='ltr'>qui</span> <span class='ocrx_word' id='word_1_508' title='bbox 1241 1112 1316 1136; x_wconf 89' lang='lat' dir='ltr'>sunt</span> <span class='ocrx_word' id='word_1_509' title='bbox 1330 1107 1411 1137; x_wconf 84' lang='lat' dir='ltr'>circa</span> <span class='ocrx_word' id='word_1_510' title='bbox 1425 1114 1547 1147; x_wconf 87' lang='lat' dir='ltr'>partem</span> 
     </span>
     <span class='ocr_line' id='line_1_87' title="bbox 892 1148 1546 1190; baseline 0.002 -10"><span class='ocrx_word' id='word_1_511' title='bbox 892 1148 1026 1190; x_wconf 88' lang='lat' dir='ltr'>AEgypti</span> <span class='ocrx_word' id='word_1_512' title='bbox 1046 1148 1292 1184; x_wconf 81' lang='lat' dir='ltr'>frumentariam,</span> <span class='ocrx_word' id='word_1_513' title='bbox 1316 1149 1347 1179; x_wconf 91' lang='lat' dir='ltr'>ii.</span> <span class='ocrx_word' id='word_1_514' title='bbox 1370 1153 1421 1181; x_wconf 91' lang='lat'>77.</span> <span class='ocrx_word' id='word_1_515' title='bbox 1435 1160 1546 1181; x_wconf 90' lang='lat' dir='ltr'>eorum</span> 
     </span>
     <span class='ocr_line' id='line_1_88' title="bbox 892 1190 1548 1233; baseline 0.003 -11"><span class='ocrx_word' id='word_1_516' title='bbox 892 1193 947 1233; x_wconf 92' lang='lat' dir='ltr'>qui</span> <span class='ocrx_word' id='word_1_517' title='bbox 969 1192 1002 1222; x_wconf 89' lang='lat' dir='ltr'>in</span> <span class='ocrx_word' id='word_1_518' title='bbox 1017 1190 1182 1230; x_wconf 79' lang='lat' dir='ltr'>paludibus</span> <span class='ocrx_word' id='word_1_519' title='bbox 1197 1197 1279 1227; x_wconf 86' lang='lat' dir='ltr'>sunt,</span> <span class='ocrx_word' id='word_1_520' title='bbox 1296 1202 1398 1222; x_wconf 86' lang='lat' dir='ltr'>mores</span> <span class='ocrx_word' id='word_1_521' title='bbox 1413 1198 1445 1223; x_wconf 87' lang='lat' dir='ltr'>et</span> <span class='ocrx_word' id='word_1_522' title='bbox 1459 1193 1548 1224; x_wconf 88' lang='lat' dir='ltr'>insti-</span> 
     </span>
     <span class='ocr_line' id='line_1_89' title="bbox 891 1234 1549 1275; baseline 0.003 -10"><span class='ocrx_word' id='word_1_523' title='bbox 891 1241 968 1271; x_wconf 85' lang='lat' dir='ltr'>tuta,</span> <span class='ocrx_word' id='word_1_524' title='bbox 994 1234 1026 1264; x_wconf 89' lang='lat' dir='ltr'>ii.</span> <span class='ocrx_word' id='word_1_525' title='bbox 1049 1238 1100 1265; x_wconf 78' lang='lat'>92·</span> <span class='ocrx_word' id='word_1_526' title='bbox 1125 1238 1174 1266; x_wconf 85' lang='lat'>95.</span> <span class='ocrx_word' id='word_1_527' title='bbox 1197 1234 1422 1275; x_wconf 82' lang='lat' dir='ltr'>AEgyptiorum</span> <span class='ocrx_word' id='word_1_528' title='bbox 1444 1235 1549 1267; x_wconf 91' lang='lat' dir='ltr'>luctus</span> 
     </span>
     <span class='ocr_line' id='line_1_90' title="bbox 893 1277 1543 1317; baseline 0.002 -9"><span class='ocrx_word' id='word_1_529' title='bbox 893 1284 924 1308; x_wconf 89' lang='lat' dir='ltr'>et</span> <span class='ocrx_word' id='word_1_530' title='bbox 944 1277 1121 1317; x_wconf 80' lang='lat' dir='ltr'>sepulturae,</span> <span class='ocrx_word' id='word_1_531' title='bbox 1144 1277 1177 1306; x_wconf 91' lang='lat' dir='ltr'>ii.</span> <span class='ocrx_word' id='word_1_532' title='bbox 1203 1281 1253 1308; x_wconf 88' lang='lat'>85.</span> <span class='ocrx_word' id='word_1_533' title='bbox 1269 1281 1320 1307; x_wconf 88' lang='lat'>86.</span> <span class='ocrx_word' id='word_1_534' title='bbox 1334 1284 1389 1309; x_wconf 78' lang='lat' dir='ltr'>etc.</span> <span class='ocrx_word' id='word_1_535' title='bbox 1405 1288 1473 1308; x_wconf 91' lang='lat' dir='ltr'>mos</span> <span class='ocrx_word' id='word_1_536' title='bbox 1488 1279 1543 1309; x_wconf 86' lang='lat' dir='ltr'>tri-</span> 
     </span>
     <span class='ocr_line' id='line_1_91' title="bbox 888 1319 1545 1360; baseline 0.006 -11"><span class='ocrx_word' id='word_1_537' title='bbox 888 1320 961 1360; x_wconf 85' lang='lat' dir='ltr'>plex</span> <span class='ocrx_word' id='word_1_538' title='bbox 979 1321 1014 1350; x_wconf 92' lang='lat' dir='ltr'>in</span> <span class='ocrx_word' id='word_1_539' title='bbox 1029 1319 1211 1351; x_wconf 84' lang='lat' dir='ltr'>condiendis</span> <span class='ocrx_word' id='word_1_540' title='bbox 1222 1320 1429 1354; x_wconf 85' lang='lat' dir='ltr'>cadaveribus,</span> <span class='ocrx_word' id='word_1_541' title='bbox 1446 1322 1477 1351; x_wconf 88' lang='lat' dir='ltr'>ii.</span> <span class='ocrx_word' id='word_1_542' title='bbox 1493 1326 1545 1353; x_wconf 89' lang='lat'>86.</span> 
     </span>
     <span class='ocr_line' id='line_1_92' title="bbox 888 1362 1543 1402; baseline 0.002 -8"><span class='ocrx_word' id='word_1_543' title='bbox 888 1366 938 1394; x_wconf 90' lang='grc'>87.</span> <span class='ocrx_word' id='word_1_544' title='bbox 960 1367 1011 1394; x_wconf 91' lang='grc'>88.</span> <span class='ocrx_word' id='word_1_545' title='bbox 1033 1373 1145 1393; x_wconf 88' lang='lat' dir='ltr'>eorum</span> <span class='ocrx_word' id='word_1_546' title='bbox 1160 1362 1320 1402; x_wconf 88' lang='lat' dir='ltr'>scripturae</span> <span class='ocrx_word' id='word_1_547' title='bbox 1335 1369 1366 1394; x_wconf 90' lang='lat' dir='ltr'>et</span> <span class='ocrx_word' id='word_1_548' title='bbox 1382 1364 1543 1395; x_wconf 83' lang='lat' dir='ltr'>literarum</span> 
     </span>
     <span class='ocr_line' id='line_1_93' title="bbox 887 1405 1547 1446; baseline 0.002 -10"><span class='ocrx_word' id='word_1_549' title='bbox 887 1405 1005 1446; x_wconf 85' lang='lat' dir='ltr'>duplex</span> <span class='ocrx_word' id='word_1_550' title='bbox 1027 1417 1113 1440; x_wconf 84' lang='lat' dir='ltr'>usus,</span> <span class='ocrx_word' id='word_1_551' title='bbox 1128 1406 1158 1436; x_wconf 89' lang='lat' dir='ltr'>ii.</span> <span class='ocrx_word' id='word_1_552' title='bbox 1172 1409 1223 1436; x_wconf 85' lang='lat'>56.</span> <span class='ocrx_word' id='word_1_553' title='bbox 1239 1416 1350 1436; x_wconf 87' lang='lat' dir='ltr'>eorum</span> <span class='ocrx_word' id='word_1_554' title='bbox 1364 1406 1547 1446; x_wconf 81' lang='lat' dir='ltr'>interpretes</span> 
     </span>
     <span class='ocr_line' id='line_1_94' title="bbox 889 1449 1547 1490; baseline 0.002 -11"><span class='ocrx_word' id='word_1_555' title='bbox 889 1459 909 1478; x_wconf 91' lang='lat' dir='ltr'>a</span> <span class='ocrx_word' id='word_1_556' title='bbox 922 1449 1035 1490; x_wconf 89' lang='lat' dir='ltr'>quibus</span> <span class='ocrx_word' id='word_1_557' title='bbox 1050 1449 1182 1483; x_wconf 86' lang='lat' dir='ltr'>oriundi,</span> <span class='ocrx_word' id='word_1_558' title='bbox 1198 1449 1229 1478; x_wconf 92' lang='lat' dir='ltr'>ii.</span> <span class='ocrx_word' id='word_1_559' title='bbox 1249 1452 1317 1479; x_wconf 83' lang='lat'>154.</span> <span class='ocrx_word' id='word_1_560' title='bbox 1332 1459 1441 1479; x_wconf 89' lang='lat' dir='ltr'>eorum</span> <span class='ocrx_word' id='word_1_561' title='bbox 1456 1450 1547 1489; x_wconf 86' lang='lat' dir='ltr'>pueri</span> 
     </span>
     <span class='ocr_line' id='line_1_95' title="bbox 889 1490 1547 1532; baseline 0.005 -12"><span class='ocrx_word' id='word_1_562' title='bbox 889 1491 1032 1532; x_wconf 86' lang='lat' dir='ltr'>linguam</span> <span class='ocrx_word' id='word_1_563' title='bbox 1057 1492 1204 1522; x_wconf 85' lang='lat' dir='ltr'>Graecam</span> <span class='ocrx_word' id='word_1_564' title='bbox 1219 1490 1328 1526; x_wconf 88' lang='lat' dir='ltr'>edocti,</span> <span class='ocrx_word' id='word_1_565' title='bbox 1345 1492 1387 1522; x_wconf 90' lang='lat' dir='ltr'>ib.</span> <span class='ocrx_word' id='word_1_566' title='bbox 1404 1492 1547 1532; x_wconf 78' lang='lat' dir='ltr'>AEgyptii</span> 
     </span>
     <span class='ocr_line' id='line_1_96' title="bbox 890 1534 1547 1576; baseline 0.002 -12"><span class='ocrx_word' id='word_1_567' title='bbox 890 1535 1027 1564; x_wconf 79' lang='lat' dir='ltr'>maxime</span> <span class='ocrx_word' id='word_1_568' title='bbox 1046 1534 1163 1564; x_wconf 87' lang='lat' dir='ltr'>salubri</span> <span class='ocrx_word' id='word_1_569' title='bbox 1177 1544 1305 1573; x_wconf 86' lang='lat' dir='ltr'>corpore</span> <span class='ocrx_word' id='word_1_570' title='bbox 1319 1536 1358 1564; x_wconf 89' lang='lat' dir='ltr'>ob</span> <span class='ocrx_word' id='word_1_571' title='bbox 1372 1534 1475 1565; x_wconf 81' lang='lat' dir='ltr'>a‘e&#39;rem</span> <span class='ocrx_word' id='word_1_572' title='bbox 1492 1535 1547 1576; x_wconf 90' lang='lat' dir='ltr'>qui</span> 
     </span>
     <span class='ocr_line' id='line_1_97' title="bbox 889 1576 1546 1617; baseline 0 -10"><span class='ocrx_word' id='word_1_573' title='bbox 889 1583 936 1607; x_wconf 86' lang='lat' dir='ltr'>est</span> <span class='ocrx_word' id='word_1_574' title='bbox 946 1576 1160 1611; x_wconf 81' lang='lat' dir='ltr'>immutabilis,</span> <span class='ocrx_word' id='word_1_575' title='bbox 1176 1577 1208 1605; x_wconf 89' lang='lat' dir='ltr'>ii.</span> <span class='ocrx_word' id='word_1_576' title='bbox 1221 1580 1238 1606; x_wconf 90' lang='grc'><strong>7</strong></span> <span class='ocrx_word' id='word_1_577' title='bbox 1244 1579 1273 1607; x_wconf 91' lang='grc'>7.</span> <span class='ocrx_word' id='word_1_578' title='bbox 1283 1583 1421 1617; x_wconf 85' lang='lat' dir='ltr'>purgant</span> <span class='ocrx_word' id='word_1_579' title='bbox 1432 1588 1465 1607; x_wconf 91' lang='lat' dir='ltr'>se</span> <span class='ocrx_word' id='word_1_580' title='bbox 1479 1579 1546 1607; x_wconf 90' lang='lat' dir='ltr'>sin-</span> 
     </span>
     <span class='ocr_line' id='line_1_98' title="bbox 889 1618 1546 1660; baseline 0.002 -11"><span class='ocrx_word' id='word_1_581' title='bbox 889 1620 974 1660; x_wconf 84' lang='lat' dir='ltr'>gulis</span> <span class='ocrx_word' id='word_1_582' title='bbox 1003 1620 1175 1656; x_wconf 86' lang='lat' dir='ltr'>mensibus,</span> <span class='ocrx_word' id='word_1_583' title='bbox 1205 1618 1279 1649; x_wconf 89' lang='lat' dir='ltr'>ibid.</span> <span class='ocrx_word' id='word_1_584' title='bbox 1308 1630 1419 1650; x_wconf 86' lang='lat' dir='ltr'>eorum</span> <span class='ocrx_word' id='word_1_585' title='bbox 1441 1621 1546 1659; x_wconf 88' lang='lat' dir='ltr'>capita</span> 
     </span>
     <span class='ocr_line' id='line_1_99' title="bbox 888 1661 1544 1703; baseline 0.003 -12"><span class='ocrx_word' id='word_1_586' title='bbox 888 1673 987 1702; x_wconf 86' lang='lat' dir='ltr'>quam</span> <span class='ocrx_word' id='word_1_587' title='bbox 1010 1662 1108 1696; x_wconf 84' lang='lat' dir='ltr'>firma,</span> <span class='ocrx_word' id='word_1_588' title='bbox 1132 1667 1163 1691; x_wconf 89' lang='lat' dir='ltr'>et</span> <span class='ocrx_word' id='word_1_589' title='bbox 1185 1671 1247 1695; x_wconf 89' lang='lat' dir='ltr'>cur,</span> <span class='ocrx_word' id='word_1_590' title='bbox 1266 1661 1308 1692; x_wconf 92' lang='lat' dir='ltr'>iii.</span> <span class='ocrx_word' id='word_1_591' title='bbox 1327 1666 1375 1692; x_wconf 73' lang='lat'>12.</span> <span class='ocrx_word' id='word_1_592' title='bbox 1399 1663 1544 1703; x_wconf 81' lang='lat' dir='ltr'>AEgyptii</span> 
     </span>
     <span class='ocr_line' id='line_1_100' title="bbox 888 1704 1541 1743; baseline 0.003 -9"><span class='ocrx_word' id='word_1_593' title='bbox 888 1704 1000 1735; x_wconf 88' lang='lat' dir='ltr'>medici</span> <span class='ocrx_word' id='word_1_594' title='bbox 1022 1704 1140 1734; x_wconf 82' lang='lat' dir='ltr'>caeteris</span> <span class='ocrx_word' id='word_1_595' title='bbox 1155 1704 1391 1743; x_wconf 71' lang='lat' dir='ltr'>praestantiores,</span> <span class='ocrx_word' id='word_1_596' title='bbox 1408 1705 1450 1735; x_wconf 86' lang='lat' dir='ltr'>iii.</span> <span class='ocrx_word' id='word_1_597' title='bbox 1470 1710 1541 1737; x_wconf 75' lang='lat'>129.</span> 
     </span>
     <span class='ocr_line' id='line_1_101' title="bbox 886 1746 1548 1787; baseline 0.002 -10"><span class='ocrx_word' id='word_1_598' title='bbox 886 1747 972 1786; x_wconf 86' lang='lat' dir='ltr'>apud</span> <span class='ocrx_word' id='word_1_599' title='bbox 995 1747 1164 1787; x_wconf 79' lang='lat' dir='ltr'>AEgyptios</span> <span class='ocrx_word' id='word_1_600' title='bbox 1185 1746 1243 1775; x_wconf 85' lang='lat' dir='ltr'>viri</span> <span class='ocrx_word' id='word_1_601' title='bbox 1265 1746 1354 1777; x_wconf 86' lang='lat' dir='ltr'>binas</span> <span class='ocrx_word' id='word_1_602' title='bbox 1377 1753 1476 1777; x_wconf 82' lang='lat' dir='ltr'>vestes</span> <span class='ocrx_word' id='word_1_603' title='bbox 1491 1749 1548 1778; x_wconf 80' lang='lat' dir='ltr'>ha-</span> 
     </span>
     <span class='ocr_line' id='line_1_102' title="bbox 885 1788 1548 1828; baseline 0.002 -8"><span class='ocrx_word' id='word_1_604' title='bbox 885 1791 968 1824; x_wconf 90' lang='lat' dir='ltr'>bent,</span> <span class='ocrx_word' id='word_1_605' title='bbox 995 1790 1121 1820; x_wconf 88' lang='lat' dir='ltr'>feminae</span> <span class='ocrx_word' id='word_1_606' title='bbox 1146 1788 1294 1828; x_wconf 85' lang='lat' dir='ltr'>singulas,</span> <span class='ocrx_word' id='word_1_607' title='bbox 1321 1789 1350 1818; x_wconf 86' lang='lat' dir='ltr'>ii.</span> <span class='ocrx_word' id='word_1_608' title='bbox 1374 1793 1426 1821; x_wconf 90' lang='grc'>56.</span> <span class='ocrx_word' id='word_1_609' title='bbox 1448 1797 1548 1821; x_wconf 86' lang='lat' dir='ltr'>vestes</span> 
     </span>
     <span class='ocr_line' id='line_1_103' title="bbox 884 1830 1542 1873; baseline -0.002 -10"><span class='ocrx_word' id='word_1_610' title='bbox 884 1842 994 1863; x_wconf 89' lang='lat' dir='ltr'>eorum</span> <span class='ocrx_word' id='word_1_611' title='bbox 1016 1831 1108 1861; x_wconf 85' lang='lat' dir='ltr'>lineae</span> <span class='ocrx_word' id='word_1_612' title='bbox 1123 1831 1237 1872; x_wconf 79' lang='lat' dir='ltr'>quales,</span> <span class='ocrx_word' id='word_1_613' title='bbox 1254 1830 1286 1861; x_wconf 82' lang='lat' dir='ltr'>ii.</span> <span class='ocrx_word' id='word_1_614' title='bbox 1301 1834 1354 1862; x_wconf 93' lang='grc'>81.</span> <span class='ocrx_word' id='word_1_615' title='bbox 1368 1840 1542 1873; x_wconf 81' lang='lat' dir='ltr'>unguenta,</span> 
     </span>
     <span class='ocr_line' id='line_1_104' title="bbox 883 1874 1539 1915; baseline 0.005 -12"><span class='ocrx_word' id='word_1_616' title='bbox 883 1875 917 1905; x_wconf 92' lang='lat' dir='ltr'>ii.</span> <span class='ocrx_word' id='word_1_617' title='bbox 940 1879 990 1906; x_wconf 85' lang='grc'>94.</span> <span class='ocrx_word' id='word_1_618' title='bbox 1010 1884 1113 1909; x_wconf 87' lang='lat' dir='ltr'>naves,</span> <span class='ocrx_word' id='word_1_619' title='bbox 1137 1874 1168 1904; x_wconf 87' lang='lat' dir='ltr'>ii.</span> <span class='ocrx_word' id='word_1_620' title='bbox 1191 1877 1242 1905; x_wconf 87' lang='lat'>96.</span> <span class='ocrx_word' id='word_1_621' title='bbox 1255 1883 1366 1904; x_wconf 83' lang='lat' dir='ltr'>eorum</span> <span class='ocrx_word' id='word_1_622' title='bbox 1381 1878 1539 1915; x_wconf 86' lang='lat' dir='ltr'>mysteria,</span> 
     </span>
     <span class='ocr_line' id='line_1_105' title="bbox 886 1916 1540 1956; baseline 0.005 -9"><span class='ocrx_word' id='word_1_623' title='bbox 886 1917 919 1948; x_wconf 86' lang='lat' dir='ltr'>ii.</span> <span class='ocrx_word' id='word_1_624' title='bbox 943 1920 1013 1949; x_wconf 89' lang='lat'>170.</span> <span class='ocrx_word' id='word_1_625' title='bbox 1028 1920 1101 1948; x_wconf 91' lang='lat'>171.</span> <span class='ocrx_word' id='word_1_626' title='bbox 1116 1926 1226 1947; x_wconf 87' lang='lat' dir='ltr'>eorum</span> <span class='ocrx_word' id='word_1_627' title='bbox 1240 1925 1336 1956; x_wconf 88' lang='lat' dir='ltr'>reges,</span> <span class='ocrx_word' id='word_1_628' title='bbox 1353 1916 1384 1946; x_wconf 87' lang='lat' dir='ltr'>ii.</span> <span class='ocrx_word' id='word_1_629' title='bbox 1402 1922 1452 1952; x_wconf 87' lang='lat'>99.</span> <span class='ocrx_word' id='word_1_630' title='bbox 1471 1922 1540 1950; x_wconf 89' lang='lat'>100.</span> 
     </span>
     <span class='ocr_line' id='line_1_106' title="bbox 886 1962 1545 1994; baseline 0.003 -4"><span class='ocrx_word' id='word_1_631' title='bbox 886 1964 957 1991; x_wconf 90' lang='lat'>101.</span> <span class='ocrx_word' id='word_1_632' title='bbox 984 1963 1053 1990; x_wconf 78' lang='lat'>102.</span> <span class='ocrx_word' id='word_1_633' title='bbox 1087 1963 1158 1989; x_wconf 90' lang='lat'>111.</span> <span class='ocrx_word' id='word_1_634' title='bbox 1190 1962 1259 1988; x_wconf 75' lang='lat'>112.</span> <span class='ocrx_word' id='word_1_635' title='bbox 1289 1962 1361 1989; x_wconf 76' lang='lat'>121.</span> <span class='ocrx_word' id='word_1_636' title='bbox 1388 1963 1545 1994; x_wconf 80' lang='lat'>124.127.</span> 
     </span>
     <span class='ocr_line' id='line_1_107' title="bbox 887 2003 1546 2035; baseline 0.003 -2"><span class='ocrx_word' id='word_1_637' title='bbox 887 2007 957 2035; x_wconf 78' lang='lat'>129.</span> <span class='ocrx_word' id='word_1_638' title='bbox 981 2006 1052 2033; x_wconf 82' lang='lat'>156.</span> <span class='ocrx_word' id='word_1_639' title='bbox 1083 2005 1151 2033; x_wconf 80' lang='lat'>157.</span> <span class='ocrx_word' id='word_1_640' title='bbox 1180 2004 1252 2031; x_wconf 83' lang='lat'>141.</span> <span class='ocrx_word' id='word_1_641' title='bbox 1279 2003 1351 2031; x_wconf 88' lang='lat'>147.</span> <span class='ocrx_word' id='word_1_642' title='bbox 1377 2005 1448 2034; x_wconf 91' lang='lat'>151.</span> <span class='ocrx_word' id='word_1_643' title='bbox 1475 2007 1546 2035; x_wconf 85' lang='lat'>158.</span> 
     </span>
     <span class='ocr_line' id='line_1_108' title="bbox 888 2041 1540 2078; baseline 0.002 -1"><span class='ocrx_word' id='word_1_644' title='bbox 888 2049 958 2077; x_wconf 91' lang='lat'>160.</span> <span class='ocrx_word' id='word_1_645' title='bbox 1004 2049 1074 2076; x_wconf 87' lang='lat'>161.</span> <span class='ocrx_word' id='word_1_646' title='bbox 1110 2048 1177 2076; x_wconf 76' lang='lat'>172.</span> <span class='ocrx_word' id='word_1_647' title='bbox 1208 2041 1252 2073; x_wconf 91' lang='lat' dir='ltr'>iii.</span> <span class='ocrx_word' id='word_1_648' title='bbox 1282 2047 1458 2076; x_wconf 86' lang='lat' dir='ltr'>lo.eorum</span> <span class='ocrx_word' id='word_1_649' title='bbox 1482 2049 1540 2078; x_wconf 90' lang='lat' dir='ltr'>sub</span> 
     </span>
     <span class='ocr_line' id='line_1_109' title="bbox 884 2085 1536 2128; baseline 0.003 -9"><span class='ocrx_word' id='word_1_650' title='bbox 884 2088 1008 2119; x_wconf 87' lang='lat' dir='ltr'>duobus</span> <span class='ocrx_word' id='word_1_651' title='bbox 1045 2087 1170 2128; x_wconf 84' lang='lat' dir='ltr'>regibus</span> <span class='ocrx_word' id='word_1_652' title='bbox 1200 2085 1371 2124; x_wconf 81' lang='lat' dir='ltr'>calamitas,</span> <span class='ocrx_word' id='word_1_653' title='bbox 1402 2088 1433 2119; x_wconf 89' lang='lat' dir='ltr'>ii.</span> <span class='ocrx_word' id='word_1_654' title='bbox 1466 2093 1536 2121; x_wconf 77' lang='lat'>128.</span> 
     </span>
     <span class='ocr_line' id='line_1_110' title="bbox 888 2128 1540 2172; baseline -0.005 -10"><span class='ocrx_word' id='word_1_655' title='bbox 888 2131 1030 2172; x_wconf 78' lang='lat' dir='ltr'>AEgyptii</span> <span class='ocrx_word' id='word_1_656' title='bbox 1060 2130 1225 2161; x_wconf 87' lang='lat' dir='ltr'>bellatores</span> <span class='ocrx_word' id='word_1_657' title='bbox 1254 2128 1288 2158; x_wconf 89' lang='lat' dir='ltr'>in</span> <span class='ocrx_word' id='word_1_658' title='bbox 1316 2139 1435 2171; x_wconf 87' lang='lat' dir='ltr'>magno</span> <span class='ocrx_word' id='word_1_659' title='bbox 1465 2142 1540 2163; x_wconf 91' lang='lat' dir='ltr'>con.</span> 
     </span>
     <span class='ocr_line' id='line_1_111' title="bbox 884 2172 1540 2213; baseline 0 -9"><span class='ocrx_word' id='word_1_660' title='bbox 884 2181 985 2205; x_wconf 86' lang='lat' dir='ltr'>temtu</span> <span class='ocrx_word' id='word_1_661' title='bbox 1024 2174 1152 2204; x_wconf 87' lang='lat' dir='ltr'>Sethoni</span> <span class='ocrx_word' id='word_1_662' title='bbox 1188 2172 1251 2213; x_wconf 81' lang='lat' dir='ltr'>regi</span> <span class='ocrx_word' id='word_1_663' title='bbox 1294 2183 1359 2206; x_wconf 77' lang='lat' dir='ltr'>suo,</span> <span class='ocrx_word' id='word_1_664' title='bbox 1398 2175 1430 2205; x_wconf 87' lang='lat' dir='ltr'>ii.</span> <span class='ocrx_word' id='word_1_665' title='bbox 1471 2179 1540 2206; x_wconf 89' lang='lat'>141.</span> 
     </span>
     <span class='ocr_line' id='line_1_112' title="bbox 885 2215 1540 2258; baseline 0.002 -11"><span class='ocrx_word' id='word_1_666' title='bbox 885 2218 1029 2258; x_wconf 86' lang='lat' dir='ltr'>AEgyptii</span> <span class='ocrx_word' id='word_1_667' title='bbox 1053 2216 1228 2247; x_wconf 59' lang='lat' dir='ltr'>lxbertatem</span> <span class='ocrx_word' id='word_1_668' title='bbox 1251 2215 1356 2254; x_wconf 86' lang='lat' dir='ltr'>adepti</span> <span class='ocrx_word' id='word_1_669' title='bbox 1372 2216 1540 2248; x_wconf 88' lang='lat' dir='ltr'>duodecim</span> 
     </span>
     <span class='ocr_line' id='line_1_113' title="bbox 884 2259 1542 2302; baseline 0.002 -12"><span class='ocrx_word' id='word_1_670' title='bbox 884 2260 940 2291; x_wconf 85' lang='lat' dir='ltr'>sibi</span> <span class='ocrx_word' id='word_1_671' title='bbox 980 2269 1068 2302; x_wconf 83' lang='lat' dir='ltr'>reges</span> <span class='ocrx_word' id='word_1_672' title='bbox 1119 2259 1358 2293; x_wconf 81' lang='lat' dir='ltr'>constituerunt,</span> <span class='ocrx_word' id='word_1_673' title='bbox 1403 2260 1436 2290; x_wconf 79' lang='lat' dir='ltr'>ii.</span> <span class='ocrx_word' id='word_1_674' title='bbox 1473 2265 1542 2292; x_wconf 88' lang='grc'><strong>147.</strong></span> 
     </span>
     <span class='ocr_line' id='line_1_114' title="bbox 886 2301 1541 2343; baseline -0.006 -10"><span class='ocrx_word' id='word_1_675' title='bbox 886 2303 1028 2343; x_wconf 72' lang='lat' dir='ltr'>[Egyptii</span> <span class='ocrx_word' id='word_1_676' title='bbox 1058 2313 1077 2332; x_wconf 85' lang='lat' dir='ltr'>a</span> <span class='ocrx_word' id='word_1_677' title='bbox 1101 2312 1174 2343; x_wconf 89' lang='lat' dir='ltr'>rege</span> <span class='ocrx_word' id='word_1_678' title='bbox 1204 2301 1301 2339; x_wconf 87' lang='lat' dir='ltr'>Aprie</span> <span class='ocrx_word' id='word_1_679' title='bbox 1324 2310 1381 2330; x_wconf 90' lang='lat' dir='ltr'>cur</span> <span class='ocrx_word' id='word_1_680' title='bbox 1405 2303 1541 2333; x_wconf 79' lang='lat' dir='ltr'>descive-</span> 
     </span>
     <span class='ocr_line' id='line_1_115' title="bbox 883 2342 1536 2386; baseline 0 -11"><span class='ocrx_word' id='word_1_681' title='bbox 883 2346 956 2379; x_wconf 71' lang='lat' dir='ltr'>rint.</span> <span class='ocrx_word' id='word_1_682' title='bbox 988 2347 1027 2376; x_wconf 86' lang='lat' dir='ltr'>iv.</span> <span class='ocrx_word' id='word_1_683' title='bbox 1060 2349 1128 2377; x_wconf 54' lang='lat'>12³9.</span> <span class='ocrx_word' id='word_1_684' title='bbox 1158 2353 1269 2375; x_wconf 88' lang='lat' dir='ltr'>eorum</span> <span class='ocrx_word' id='word_1_685' title='bbox 1298 2342 1400 2374; x_wconf 85' lang='lat' dir='ltr'>clades</span> <span class='ocrx_word' id='word_1_686' title='bbox 1422 2355 1442 2375; x_wconf 89' lang='lat' dir='ltr'>a</span> <span class='ocrx_word' id='word_1_687' title='bbox 1474 2347 1536 2386; x_wconf 58' lang='lat' dir='ltr'>(Ly-</span> 
     </span>
     <span class='ocr_line' id='line_1_116' title="bbox 882 2386 1539 2427; baseline 0 -9"><span class='ocrx_word' id='word_1_688' title='bbox 882 2388 992 2418; x_wconf 88' lang='lat' dir='ltr'>renaeis</span> <span class='ocrx_word' id='word_1_689' title='bbox 1019 2394 1150 2427; x_wconf 79' lang='lat' dir='ltr'>accepta.</span> <span class='ocrx_word' id='word_1_690' title='bbox 1185 2387 1258 2418; x_wconf 90' lang='lat' dir='ltr'>ibid.</span> <span class='ocrx_word' id='word_1_691' title='bbox 1280 2386 1314 2414; x_wconf 88' lang='lat' dir='ltr'>in</span> <span class='ocrx_word' id='word_1_692' title='bbox 1335 2386 1447 2427; x_wconf 88' lang='lat' dir='ltr'>fugam</span> <span class='ocrx_word' id='word_1_693' title='bbox 1470 2398 1539 2418; x_wconf 84' lang='lat' dir='ltr'>ver-</span> 
     </span>
     <span class='ocr_line' id='line_1_117' title="bbox 882 2428 1537 2465; baseline 0.011 -10"><span class='ocrx_word' id='word_1_694' title='bbox 882 2437 994 2465; x_wconf 65' lang='lat' dir='ltr'>tuntur</span> <span class='ocrx_word' id='word_1_695' title='bbox 1041 2441 1060 2460; x_wconf 86' lang='lat' dir='ltr'>a</span> <span class='ocrx_word' id='word_1_696' title='bbox 1110 2431 1221 2464; x_wconf 71' lang='lat' dir='ltr'>Persis,</span> <span class='ocrx_word' id='word_1_697' title='bbox 1269 2428 1314 2458; x_wconf 87' lang='grc'><strong>111.</strong></span> <span class='ocrx_word' id='word_1_698' title='bbox 1363 2433 1409 2459; x_wconf 86' lang='lat' dir='ltr'>ll.</span> <span class='ocrx_word' id='word_1_699' title='bbox 1436 2438 1537 2462; x_wconf 81' lang='lat' dir='ltr'>morte</span> 
     </span>
     <span class='ocr_line' id='line_1_118' title="bbox 883 2473 1533 2512; baseline -0.008 -8"><span class='ocrx_word' id='word_1_700' title='bbox 883 2473 1025 2504; x_wconf 84' lang='lat' dir='ltr'>mulctati</span> <span class='ocrx_word' id='word_1_701' title='bbox 1055 2484 1074 2502; x_wconf 90' lang='lat' dir='ltr'>a</span> <span class='ocrx_word' id='word_1_702' title='bbox 1091 2474 1244 2512; x_wconf 82' lang='lat' dir='ltr'>Cambyse</span> <span class='ocrx_word' id='word_1_703' title='bbox 1258 2480 1360 2510; x_wconf 87' lang='lat' dir='ltr'>quum</span> <span class='ocrx_word' id='word_1_704' title='bbox 1378 2473 1465 2512; x_wconf 88' lang='lat' dir='ltr'>Apin</span> <span class='ocrx_word' id='word_1_705' title='bbox 1482 2484 1533 2504; x_wconf 80' lang='lat' dir='ltr'>ce-</span> 
     </span>
     <span class='ocr_line' id='line_1_119' title="bbox 883 2515 1536 2555; baseline -0.002 -8"><span class='ocrx_word' id='word_1_706' title='bbox 883 2517 1043 2551; x_wconf 88' lang='lat' dir='ltr'>lebrarent,</span> <span class='ocrx_word' id='word_1_707' title='bbox 1061 2515 1104 2545; x_wconf 87' lang='lat' dir='ltr'>iii.</span> <span class='ocrx_word' id='word_1_708' title='bbox 1125 2520 1175 2546; x_wconf 71' lang='lat'>⁴29.</span> <span class='ocrx_word' id='word_1_709' title='bbox 1199 2526 1217 2544; x_wconf 87' lang='lat' dir='ltr'>a</span> <span class='ocrx_word' id='word_1_710' title='bbox 1235 2515 1389 2555; x_wconf 83' lang='lat' dir='ltr'>Cambyse</span> <span class='ocrx_word' id='word_1_711' title='bbox 1405 2517 1536 2552; x_wconf 58' lang='lat' dir='ltr'>subacti,</span> 
     </span>
     <span class='ocr_line' id='line_1_120' title="bbox 883 2557 1537 2592; baseline 0 -3"><span class='ocrx_word' id='word_1_712' title='bbox 883 2570 902 2589; x_wconf 89' lang='lat' dir='ltr'>a</span> <span class='ocrx_word' id='word_1_713' title='bbox 930 2560 1030 2589; x_wconf 81' lang='lat' dir='ltr'>Persis</span> <span class='ocrx_word' id='word_1_714' title='bbox 1059 2557 1215 2592; x_wconf 86' lang='lat' dir='ltr'>deficiunt,</span> <span class='ocrx_word' id='word_1_715' title='bbox 1247 2558 1298 2588; x_wconf 69' lang='lat' dir='ltr'>vii.</span> <span class='ocrx_word' id='word_1_716' title='bbox 1332 2561 1356 2588; x_wconf 89' lang='lat' dir='ltr'>l.</span> <span class='ocrx_word' id='word_1_717' title='bbox 1383 2567 1402 2587; x_wconf 90' lang='lat' dir='ltr'>a</span> <span class='ocrx_word' id='word_1_718' title='bbox 1430 2559 1537 2589; x_wconf 86' lang='lat' dir='ltr'>Xerxe</span> 
     </span>
     <span class='ocr_line' id='line_1_121' title="bbox 887 2600 1538 2639; baseline -0.006 -7"><span class='ocrx_word' id='word_1_719' title='bbox 887 2602 1006 2632; x_wconf 84' lang='lat' dir='ltr'>subacti</span> <span class='ocrx_word' id='word_1_720' title='bbox 1028 2603 1140 2635; x_wconf 78' lang='lat' dir='ltr'>denuo,</span> <span class='ocrx_word' id='word_1_721' title='bbox 1165 2601 1216 2630; x_wconf 88' lang='lat' dir='ltr'>vii.</span> <span class='ocrx_word' id='word_1_722' title='bbox 1244 2602 1273 2630; x_wconf 90' lang='lat'>7.</span> <span class='ocrx_word' id='word_1_723' title='bbox 1287 2600 1345 2639; x_wconf 84' lang='lat' dir='ltr'>ipsi</span> <span class='ocrx_word' id='word_1_724' title='bbox 1361 2606 1392 2630; x_wconf 89' lang='lat' dir='ltr'>et</span> <span class='ocrx_word' id='word_1_725' title='bbox 1411 2600 1538 2632; x_wconf 85' lang='lat' dir='ltr'>Phoeni.</span> 
     </span>
     <span class='ocr_line' id='line_1_122' title="bbox 888 2645 1536 2683; baseline -0.002 -8"><span class='ocrx_word' id='word_1_726' title='bbox 888 2655 938 2675; x_wconf 86' lang='lat' dir='ltr'>ces</span> <span class='ocrx_word' id='word_1_727' title='bbox 953 2651 1144 2674; x_wconf 86' lang='lat' dir='ltr'>commeatus</span> <span class='ocrx_word' id='word_1_728' title='bbox 1159 2649 1355 2683; x_wconf 83' lang='lat' dir='ltr'>comportant</span> <span class='ocrx_word' id='word_1_729' title='bbox 1385 2645 1536 2674; x_wconf 82' lang='lat' dir='ltr'>exercitui</span> 
     </span>
     <span class='ocr_line' id='line_1_123' title="bbox 891 2686 1539 2718; baseline -0.002 0"><span class='ocrx_word' id='word_1_730' title='bbox 891 2687 1016 2718; x_wconf 71' lang='lat' dir='ltr'>Persico</span> <span class='ocrx_word' id='word_1_731' title='bbox 1031 2693 1138 2717; x_wconf 88' lang='lat' dir='ltr'>contra</span> <span class='ocrx_word' id='word_1_732' title='bbox 1156 2687 1289 2716; x_wconf 75' lang='lat' dir='ltr'>Graecos.</span> <span class='ocrx_word' id='word_1_733' title='bbox 1306 2686 1358 2715; x_wconf 86' lang='lat' dir='ltr'>vii.</span> <span class='ocrx_word' id='word_1_734' title='bbox 1370 2690 1419 2718; x_wconf 82' lang='lat'>25.</span> <span class='ocrx_word' id='word_1_735' title='bbox 1436 2686 1539 2717; x_wconf 87' lang='lat' dir='ltr'>navali</span> 
     </span>
     <span class='ocr_line' id='line_1_124' title="bbox 880 2728 1315 2770; baseline -0.007 -10"><span class='ocrx_word' id='word_1_736' title='bbox 880 2730 913 2760; x_wconf 90' lang='lat' dir='ltr'>in</span> <span class='ocrx_word' id='word_1_737' title='bbox 927 2740 1034 2770; x_wconf 88' lang='lat' dir='ltr'>pugna</span> <span class='ocrx_word' id='word_1_738' title='bbox 1048 2729 1176 2764; x_wconf 84' lang='lat' dir='ltr'>strenui,</span> <span class='ocrx_word' id='word_1_739' title='bbox 1192 2728 1254 2758; x_wconf 87' lang='lat' dir='ltr'>viii.</span> <span class='ocrx_word' id='word_1_740' title='bbox 1268 2732 1315 2760; x_wconf 93' lang='lat'>17.</span> 
     </span>
    </p>
   </div>
   <div class='ocr_carea' id='block_1_5' title="bbox 841 2771 1538 2856">
    <p class='ocr_par' dir='ltr' id='par_1_9' title="bbox 841 2771 1538 2856">
     <span class='ocr_line' id='line_1_125' title="bbox 841 2771 1538 2813; baseline -0.003 -10"><span class='ocrx_word' id='word_1_741' title='bbox 841 2773 1010 2813; x_wconf 82' lang='lat' dir='ltr'>AEgyptius</span> <span class='ocrx_word' id='word_1_742' title='bbox 1025 2772 1153 2813; x_wconf 90' lang='lat' dir='ltr'>quidam</span> <span class='ocrx_word' id='word_1_743' title='bbox 1174 2772 1392 2807; x_wconf 81' lang='lat' dir='ltr'>vocalissimus,</span> <span class='ocrx_word' id='word_1_744' title='bbox 1409 2771 1449 2801; x_wconf 91' lang='lat' dir='ltr'>iv.</span> <span class='ocrx_word' id='word_1_745' title='bbox 1466 2774 1538 2801; x_wconf 84' lang='lat'>141.</span> 
     </span>
     <span class='ocr_line' id='line_1_126' title="bbox 842 2814 1536 2856; baseline -0.003 -10"><span class='ocrx_word' id='word_1_746' title='bbox 842 2816 994 2856; x_wconf 84' lang='lat' dir='ltr'>AEgyptio</span> <span class='ocrx_word' id='word_1_747' title='bbox 1008 2816 1130 2846; x_wconf 83' lang='lat' dir='ltr'>thorace</span> <span class='ocrx_word' id='word_1_748' title='bbox 1142 2815 1175 2844; x_wconf 89' lang='lat' dir='ltr'>in</span> <span class='ocrx_word' id='word_1_749' title='bbox 1189 2825 1298 2856; x_wconf 82' lang='lat' dir='ltr'>pugna</span> <span class='ocrx_word' id='word_1_750' title='bbox 1311 2820 1446 2846; x_wconf 82' lang='lat' dir='ltr'>utuntur</span> <span class='ocrx_word' id='word_1_751' title='bbox 1460 2814 1536 2846; x_wconf 85' lang='lat' dir='ltr'>Per-</span> 
     </span>
    </p>
   </div>
   <div class='ocr_carea' id='block_1_6' title="bbox 882 2858 1048 2893">
    <p class='ocr_par' dir='ltr' id='par_1_10' title="bbox 882 2858 1048 2893">
     <span class='ocr_line' id='line_1_127' title="bbox 882 2858 1048 2893; baseline 0 -5"><span class='ocrx_word' id='word_1_752' title='bbox 882 2870 931 2893; x_wconf 84' lang='lat' dir='ltr'>sae,</span> <span class='ocrx_word' id='word_1_753' title='bbox 945 2858 967 2888; x_wconf 93' lang='lat' dir='ltr'>i.</span> <span class='ocrx_word' id='word_1_754' title='bbox 979 2861 1048 2890; x_wconf 84' lang='lat'>155.</span> 
     </span>
    </p>
   </div>
   <div class='ocr_carea' id='block_1_7' title="bbox 143 2899 1323 2944">
    <p class='ocr_par' dir='ltr' id='par_1_11' title="bbox 143 2899 1323 2944">
     <span class='ocr_line' id='line_1_128' title="bbox 143 2899 1323 2944; baseline 0.001 -12"><span class='ocrx_word' id='word_1_755' title='bbox 143 2899 316 2940; x_wconf 85' lang='lat' dir='ltr'>interdicta,</span> <span class='ocrx_word' id='word_1_756' title='bbox 338 2901 372 2935; x_wconf 87' lang='lat' dir='ltr'>ii.</span> <span class='ocrx_word' id='word_1_757' title='bbox 398 2906 468 2934; x_wconf 80' lang='lat'>124.</span> <span class='ocrx_word' id='word_1_758' title='bbox 489 2912 508 2933; x_wconf 82' lang='lat' dir='ltr'>a</span> <span class='ocrx_word' id='word_1_759' title='bbox 529 2902 696 2943; x_wconf 83' lang='lat' dir='ltr'>Mycerino</span> <span class='ocrx_word' id='word_1_760' title='bbox 709 2901 797 2933; x_wconf 86' lang='lat' dir='ltr'>resti·</span> <span class='ocrx_word' id='word_1_761' title='bbox 842 2901 1069 2944; x_wconf 82' lang='lat' dir='ltr'>AEgyptiacum</span> <span class='ocrx_word' id='word_1_762' title='bbox 1078 2900 1192 2939; x_wconf 89' lang='lat' dir='ltr'>linum,</span> <span class='ocrx_word' id='word_1_763' title='bbox 1204 2901 1323 2933; x_wconf 82' lang='lat' dir='ltr'>ii.1o5.</span> 
     </span>
    </p>
   </div>
  </div>
 </body>
</html>
