1805 3151
65 306 228 337 marchum

60 350 100 380 ad
117 359 207 380 suam

63 391 255 424 sententiam

65 435 261 471 traduxisset,

77 2045 212 2087 proeliari
225 2046 277 2075 de-

78 2089 223 2120 cernitur.

80 2132 190 2163 Dilata
199 2141 278 2171 pug-

78 2185 127 2211 na,
145 2174 244 2204 donec

79 2227 203 2248 summa
220 2217 278 2246 im—

78 2260 163 2300 perii,
181 2270 252 2300 quae

80 2303 142 2334 alio
157 2303 207 2333 die
225 2313 280 2342 pe-

81 2356 137 2376 nes
151 2345 250 2375 alium

80 2395 245 2428 praetorem

79 2438 152 2467 erat,
170 2431 210 2461 ad

83 2474 252 2505 Min'adem

80 2517 260 2547 devenisset.

82 2602 176 2632 Acies
194 2601 282 2631 Grae-

81 2655 189 2676 comm
204 2654 268 2684 quo

80 2688 188 2719 ordine
202 2687 251 2716 in-

80 2738 198 2761 structa
211 2730 261 2759 fu-

79 2774 145 2804 erit.

297 174 385 212 108
723 159 1209 208 HERODOTI

292 313 434 358 μαχος
463 292 720 351 Ἀφιδναῖος·
762 291 858 357 πρός
889 296 1029 339 τοῦτον
1065 290 1194 338 ἐλθῶν
1236 289 1486 346 Μιλτιάδης,
1522 290 1635 350 ἐ’λεγε

293 373 407 420 τάδε·
445 379 470 399 “
493 370 566 418 Ἐν
595 369 657 416 σοὶ
691 374 766 426 νῦν,
800 370 1078 432 Καλλίμαχε,
1112 368 1195 415 ἐ’στι
1248 368 1270 421 ἢ
1315 367 1635 414 καταδουλῶσαι
1669 375 1724 413 10

296 455 327 476 “
349 448 560 503 Ἀθηνας,
594 447 616 499 ἢ
644 446 858 508 ἐλευθέρας
888 444 1135 501 ποιήσαντα,
1170 443 1406 506 μνημόσυνα
1436 443 1639 491 λιπέσθαι

295 535 321 555 “
348 528 386 579 ές
408 524 473 572 τὸν
511 523 686 570 ἅπαντα
719 523 937 585 ἀνθρώπων
968 521 1070 584 βίον,
1103 519 1168 566 οἷα
1204 518 1292 565 οὐδὲ
1324 519 1550 583 εΑρμόδιός
1597 540 1640 568 τε

297 610 324 630 “
348 600 425 648 καὶ
452 599 772 664 Ἀριστογείτων
801 598 997 645 λείπουσι.
1032 601 1094 643 νῦν
1128 594 1210 659 γαρ
1242 595 1301 651 δὴ,
1328 597 1367 651 ἐξ
1390 593 1440 643 οὗ
1465 597 1639 656 ἐγένοντο

297 686 325 707 “
348 677 575 732 Ἀθηναῖοι,
605 678 642 729 ές
671 675 842 722 κίνδυνον
875 674 1016 727 ἥκουσι
1047 672 1254 735 μέγιστον.
1285 672 1374 729 καὶ,
1411 674 1452 726 ἢν
1485 673 1558 735 μέν
1592 692 1640 734 γε

299 763 327 784 “
351 755 601 813 ὑποκύψωσι
630 758 730 799 τοῖσι
771 751 962 806 Μηδοισι,
1004 750 1191 796 δέδοκται
1225 747 1283 795 τοὶ
1317 750 1522 797 πείσονται
1557 768 1641 797 πα-
1671 760 1725 797 15

296 840 322 861 “
345 831 593 896 ραδεδομένοι
623 829 789 891 Ἱππίῃ·
815 829 856 881 ἣν
888 826 927 873 δὲ
964 826 1214 890 περιγένηται
1245 825 1352 879 αὕτη
1376 828 1397 880 η
1426 826 1558 882 πόλις,
1583 827 1642 880 οἵη

298 918 325 938 “
349 909 393 956 τέ
431 910 513 955 ἐστι
549 908 684 970 πρώτη
718 909 792 952 τῶν
818 904 1058 958 Ἑλληνίδων
1095 903 1243 949 πολίων
1276 904 1479 963 γενέσθαι.
1551 905 1644 958 Κῶς

297 994 324 1015 “
347 986 395 1032 ὦν
419 984 464 1038 δὴ
487 989 629 1031 ταῦτα
653 983 718 1029 οἷα
742 982 785 1029 τέ
808 983 891 1029 ἐστι
915 980 1108 1041 γενέσθαι,
1132 980 1208 1026 καὶ
1230 986 1309 1033 κῶς
1332 981 1369 1033 ἐς
1391 980 1433 1027 σέ
1470 1000 1509 1027 τι
1550 1001 1643 1029 του-

297 1070 326 1090 “
350 1063 443 1109 τέων
468 1061 601 1114 ἀνηκει
624 1064 698 1106 τῶν
722 1059 972 1122 πρηγμάτων
1006 1056 1055 1104 τὰ
1077 1062 1194 1121 κῦρος
1216 1057 1330 1117 ἔχειν,
1375 1062 1436 1104 νῦν
1469 1057 1643 1121 ἔρχομαι

300 1145 329 1165 “
355 1138 522 1201 φράσων.
556 1136 681 1198 ἡμέων
704 1140 778 1182 τῶν
803 1138 1049 1198 στρατηγῶν,
1086 1133 1217 1180 ἐόντων
1242 1134 1355 1189 δέκα,
1391 1133 1494 1194 δίχα
1521 1135 1644 1194 γίνον-
1669 1141 1733 1180 20

300 1222 325 1241 “
349 1233 420 1260 ται
447 1215 498 1259 αι’
515 1217 692 1275 γνῶμαι·
729 1216 802 1258 τῶν
824 1210 909 1274 μὲν,
933 1210 1166 1257 κελευόντων
1191 1208 1448 1273 συμὲαλέειν,
1488 1215 1563 1257 τῶν
1587 1209 1642 1268 δὲ,

302 1298 328 1318 “
353 1291 398 1336 οὐ
438 1287 697 1352 συμὲαλέειν.
748 1288 791 1341 ἣν
831 1287 902 1350 μέν
939 1306 1001 1332 νυν
1040 1286 1098 1349 μὴ
1135 1285 1423 1349 συμὲάλωμεν,
1458 1287 1652 1351 ἐ’λπομαί

301 1373 328 1395 “
354 1386 445 1413 τινα
469 1367 611 1412 στάσιν
644 1366 829 1427 μεγάλην
863 1365 1117 1425 ἐμπεσοῦσαν
1152 1363 1359 1410 διασείσειν
1398 1362 1456 1410 τοὶ
1497 1363 1646 1419 Ἀθη-

299 1450 331 1471 “
356 1443 469 1489 ναίων
504 1443 758 1506 φρονηματα,
794 1441 895 1487 ὥστε
944 1440 1131 1502 μηδίσαι·
1178 1441 1222 1494 ἣν
1268 1439 1307 1486 δὲ
1353 1438 1642 1505 συμέάλωμεν,

299 1529 325 1548 “
349 1521 438 1583 πρίν
461 1539 501 1566 τι
519 1518 593 1565 καὶ
617 1516 768 1581 σαθρὸν
802 1517 1041 1571 Ἀθηναίων
1064 1517 1344 1580 μετεξετέροισι
1383 1519 1639 1578 ἐγγενέσθαι,
1667 1528 1728 1567 25

300 1605 325 1623 ‘⁶
349 1598 450 1643 θεῶν
473 1594 531 1642 τοὶ
553 1595 625 1641 ἶσα
649 1594 848 1657 νεμόντων,
874 1593 951 1640 οἷοί
967 1613 1010 1640 τε
1035 1594 1138 1656 εἰμὲν
1160 1594 1441 1658 περιγενέσθαι
1464 1598 1517 1659 τῇ
1540 1615 1645 1659 συμ-

301 1680 329 1701 “
355 1671 470 1735 ἒολξῆ.
541 1674 698 1718 Ταῦτα
733 1669 780 1716 ῶν
814 1670 955 1716 πάντα
991 1670 1027 1721 ές
1061 1668 1104 1716 σὲ
1142 1688 1204 1715 νυν
1227 1669 1351 1726 τείνει,
1388 1670 1464 1717 καὶ
1503 1673 1549 1718 ἐκ
1583 1673 1646 1720 σέο

302 1756 331 1777 “
354 1749 542 1812 οἵρτηται,
578 1749 618 1801 ἢν
657 1746 739 1811 γὰρ
779 1745 829 1793 σι)
871 1747 1008 1808 γνώμη
1049 1749 1100 1808 τῇ
1136 1747 1214 1808 ἐμῇ
1248 1748 1425 1810 προσθῇ,
1461 1747 1545 1794 ἐ’στι
1584 1767 1646 1794 τοι

302 1833 331 1853 “
356 1826 504 1889 πατρίς
537 1844 579 1872 τε
616 1824 814 1888 ἐλευθέρη,
838 1823 913 1870 καὶ
936 1823 1055 1876 πόλις
1089 1824 1222 1887 πρώτη
1257 1828 1330 1870 τῶν
1355 1825 1390 1871 ἐν
1413 1827 1465 1888 τῇ
1486 1827 1647 1874 Ἑλλά-

303 1910 329 1929 “
354 1903 402 1948 δι·
448 1903 488 1955 ἢν
530 1901 570 1949 δὲ
607 1901 674 1955 τὴν
713 1905 787 1948 τῶν
827 1899 1157 1947 ἀποσπευδόντων
1196 1899 1264 1954 τὴν
1314 1900 1521 1963 συμζολῆν
1560 1902 1643 1966 ἕλῃ,
1670 1912 1731 1950 30

303 1987 332 2007 “
357 1980 521 2043 ὑπάρξει
546 1998 606 2026 τοι
631 1983 705 2025 τῶν
740 1978 819 2038 έγῶ
841 1977 1045 2032 κατέλεξα
1069 1977 1246 2037 ἀγαθῶν
1267 1976 1324 2023 τοὶ
1348 1978 1552 2025 ἐναντία.”

370 2073 445 2103 CX.
494 2060 652 2103 Ταῦτα
696 2056 822 2115 λέγων
879 2054 900 2100 ὁ
952 2054 1203 2110 ΝΙιλτιάδης,
1263 2056 1523 2117 προσκτᾶται
1579 2055 1645 2104 τόν

308 2133 602 2195 Καλλίμαχον.
670 2130 976 2194 προσγενομένης
1034 2129 1072 2177 δὲ
1121 2135 1196 2177 τοῦ
1252 2132 1520 2194 πολεμάρχου
1575 2135 1647 2186 τῆς

304 2209 475 2271 γνώμης,
500 2207 715 2270 έκεκίιρωτο
751 2205 1013 2269 συμζάλλειν.
1085 2205 1214 2253 Mero?
1249 2207 1303 2262 δὲ,
1338 2209 1379 2253 οἱ
1409 2207 1644 2271 στρατηγοὶ,

304 2289 378 2330 τῶν
412 2285 434 2337 ἡ
469 2284 606 2345 γνώμη
641 2282 744 2346 ἔφερε
779 2280 1044 2345 συμὲάλλειν,
1079 2284 1130 2336 ῶς
1164 2283 1339 2329 ἑκάστου
1393 2284 1523 2329 αὐτῶν
1563 2283 1645 2343 ἐγί-

305 2381 388 2409 νετο
423 2361 641 2425 πρυτανηίη
675 2364 745 2414 τῆς
778 2361 930 2424 ἡμέρης,
969 2361 1187 2424 ΝΙιλτιάδη
1227 2361 1507 2424 παρεδίδοσαν·
1546 2361 1643 2418 ὅδὲ,
1704 2370 1733 2409 5

306 2438 523 2501 δεκόμενος,
558 2440 606 2484 οὔ
638 2457 678 2484 τι
713 2457 770 2484 κω
793 2435 999 2500 συμὲολῆν
1033 2437 1218 2493 ἐποιέετο,
1253 2437 1341 2500 πρίν
1376 2457 1423 2497 γε
1448 2437 1493 2492 δὴ
1516 2439 1648 2485 αὐτοῦ

306 2514 525 2576 πρυτανηίη
548 2513 715 2573 ἐγένετο.

373 2607 473 2637 CXI.
514 2592 605 2643 “Ως
642 2589 681 2636 δὲ
722 2590 759 2641 ἐς
802 2590 936 2635 ἐκεῖνον
970 2590 1181 2652 περιῆλθε,
1217 2589 1403 2636 ἐνθαῦτα
1437 2589 1484 2644 δη
1529 2591 1648 2637 έτάσ-

306 2686 417 2714 σοντο
451 2664 524 2713 ῶδε
558 2666 781 2720 Ἀθηναῖοι
815 2667 865 2718 ὦς
898 2663 1207 2728 συμέαλέοντες.
1274 2669 1349 2712 τοῦ
1398 2665 1470 2728 μὲν
1521 2666 1647 2721 δεξιοῦ

305 2745 429 2807 κέρεος
464 2744 602 2803 ἡγέετο
627 2743 649 2788 ὁ
670 2741 933 2805 πολέμαρχος
960 2740 1257 2802 Καλλίμαχος·
1292 2739 1313 2785 ὁ
1334 2739 1415 2804 γοὶρ
1439 2740 1555 2803 νόμος
1577 2741 1644 2788 τό·
