<?xml version="1.0" encoding="UTF-8"?>
<!DOCTYPE html PUBLIC "-//W3C//DTD XHTML 1.0 Transitional//EN"
    "http://www.w3.org/TR/xhtml1/DTD/xhtml1-transitional.dtd">
<html xmlns="http://www.w3.org/1999/xhtml" xml:lang="en" lang="en">
 <head>
  <title>
</title>
<meta http-equiv="Content-Type" content="text/html;charset=utf-8" />
  <meta name='ocr-system' content='tesseract 3.04.00' />
  <meta name='ocr-capabilities' content='ocr_page ocr_carea ocr_par ocr_line ocrx_word'/>
</head>
<body>
  <div class='ocr_page' id='page_1' title='image "./historinlogoi9ep02herouoft/historinlogoi9ep02herouoft_0203.png"; bbox 0 0 1836 3156; ppageno 0'>
   <div class='ocr_carea' id='block_1_1' title="bbox 439 195 1478 245">
    <p class='ocr_par' dir='ltr' id='par_1_1' title="bbox 439 195 1478 245">
     <span class='ocr_line' id='line_1_1' title="bbox 439 195 1478 245; baseline -0.003 0"><span class='ocrx_word' id='word_1_1' title='bbox 439 195 909 245; x_wconf 90' lang='lat' dir='ltr'><strong>POLYMNIA</strong></span> <span class='ocrx_word' id='word_1_2' title='bbox 977 195 1098 243; x_wconf 90' lang='lat' dir='ltr'><strong>VII.</strong></span> <span class='ocrx_word' id='word_1_3' title='bbox 1389 201 1478 243; x_wconf 81' lang='lat'>193</span> 
     </span>
    </p>
   </div>
   <div class='ocr_carea' id='block_1_2' title="bbox 35 326 1478 2907">
    <p class='ocr_par' dir='ltr' id='par_1_2' title="bbox 127 326 1478 544">
     <span class='ocr_line' id='line_1_2' title="bbox 131 326 1476 390; baseline 0.001 -17"><span class='ocrx_word' id='word_1_4' title='bbox 131 332 160 355; x_wconf 89' lang='lat'>“</span> <span class='ocrx_word' id='word_1_5' title='bbox 185 330 257 380; x_wconf 89' lang='grc' dir='ltr'>τῆς</span> <span class='ocrx_word' id='word_1_6' title='bbox 279 327 501 389; x_wconf 87' lang='grc' dir='ltr'>ἡγεμονίης,</span> <span class='ocrx_word' id='word_1_7' title='bbox 527 326 632 380; x_wconf 79' lang='grc' dir='ltr'>οἰκὸς</span> <span class='ocrx_word' id='word_1_8' title='bbox 654 326 730 373; x_wconf 72' lang='grc' dir='ltr'>καὶ</span> <span class='ocrx_word' id='word_1_9' title='bbox 752 326 822 389; x_wconf 78' lang='grc' dir='ltr'>ἐμὲ</span> <span class='ocrx_word' id='word_1_10' title='bbox 845 328 1008 389; x_wconf 76' lang='grc' dir='ltr'>μᾶλλον</span> <span class='ocrx_word' id='word_1_11' title='bbox 1048 326 1176 389; x_wconf 86' lang='grc' dir='ltr'>ὑμέων</span> <span class='ocrx_word' id='word_1_12' title='bbox 1199 326 1476 390; x_wconf 58' lang='grc' dir='ltr'>περιέχεσθαι,</span> 
     </span>
     <span class='ocr_line' id='line_1_3' title="bbox 129 402 1476 466; baseline 0.001 -17"><span class='ocrx_word' id='word_1_13' title='bbox 129 409 158 432; x_wconf 83' lang='grc'><strong>“</strong></span> <span class='ocrx_word' id='word_1_14' title='bbox 183 406 374 466; x_wconf 86' lang='grc' dir='ltr'>στρατιῆς</span> <span class='ocrx_word' id='word_1_15' title='bbox 408 422 451 449; x_wconf 85' lang='grc' dir='ltr'>τε</span> <span class='ocrx_word' id='word_1_16' title='bbox 481 403 596 450; x_wconf 77' lang='grc' dir='ltr'>ἐόντα</span> <span class='ocrx_word' id='word_1_17' title='bbox 620 403 943 457; x_wconf 88' lang='grc' dir='ltr'>πολλαπλασίης</span> <span class='ocrx_word' id='word_1_18' title='bbox 966 402 1166 466; x_wconf 76' lang='grc' dir='ltr'>ἡγεμόνα,</span> <span class='ocrx_word' id='word_1_19' title='bbox 1190 403 1266 449; x_wconf 69' lang='grc' dir='ltr'>καὶ</span> <span class='ocrx_word' id='word_1_20' title='bbox 1289 408 1378 457; x_wconf 76' lang='grc' dir='ltr'>νηῶν</span> <span class='ocrx_word' id='word_1_21' title='bbox 1402 422 1476 450; x_wconf 90' lang='grc' dir='ltr'>πο-</span> 
     </span>
     <span class='ocr_line' id='line_1_4' title="bbox 127 478 1478 544; baseline 0 -18"><span class='ocrx_word' id='word_1_22' title='bbox 127 484 157 508; x_wconf 91' lang='lat'><strong>“</strong></span> <span class='ocrx_word' id='word_1_23' title='bbox 180 479 234 526; x_wconf 82' lang='grc' dir='ltr'>λι)</span> <span class='ocrx_word' id='word_1_24' title='bbox 258 483 445 526; x_wconf 84' lang='grc' dir='ltr'>πλεῦνων.</span> <span class='ocrx_word' id='word_1_25' title='bbox 515 480 647 526; x_wconf 87' lang='grc' dir='ltr'>Ἀλλ’</span> <span class='ocrx_word' id='word_1_26' title='bbox 686 480 777 527; x_wconf 76' lang='grc' dir='ltr'>ἐπεί</span> <span class='ocrx_word' id='word_1_27' title='bbox 794 498 837 526; x_wconf 88' lang='grc' dir='ltr'>τε</span> <span class='ocrx_word' id='word_1_28' title='bbox 867 480 958 542; x_wconf 80' lang='grc' dir='ltr'>ὑμῖν</span> <span class='ocrx_word' id='word_1_29' title='bbox 983 478 1004 525; x_wconf 84' lang='lat'>0‘</span> <span class='ocrx_word' id='word_1_30' title='bbox 1024 480 1148 540; x_wconf 82' lang='grc' dir='ltr'>λόγος</span> <span class='ocrx_word' id='word_1_31' title='bbox 1170 479 1275 527; x_wconf 78' lang='grc' dir='ltr'>οὕτω</span> <span class='ocrx_word' id='word_1_32' title='bbox 1308 482 1478 544; x_wconf 86' lang='grc' dir='ltr'>προσάν-</span> 
     </span>
    </p>

    <p class='ocr_par' dir='ltr' id='par_1_3' title="bbox 43 556 1475 926">
     <span class='ocr_line' id='line_1_5' title="bbox 43 556 1473 621; baseline 0 -17"><span class='ocrx_word' id='word_1_33' title='bbox 43 564 105 604; x_wconf 93' lang='grc'>10</span> <span class='ocrx_word' id='word_1_34' title='bbox 127 561 160 585; x_wconf 79' lang='grc'><strong>“</strong></span> <span class='ocrx_word' id='word_1_35' title='bbox 182 576 254 610; x_wconf 89' lang='grc' dir='ltr'>της</span> <span class='ocrx_word' id='word_1_36' title='bbox 285 556 558 612; x_wconf 74' lang='grc' dir='ltr'><em>κατίσταται,</em></span> <span class='ocrx_word' id='word_1_37' title='bbox 600 559 710 620; x_wconf 80' lang='grc' dir='ltr'>ἡμεῖς</span> <span class='ocrx_word' id='word_1_38' title='bbox 731 576 771 603; x_wconf 90' lang='grc' dir='ltr'>τι</span> <span class='ocrx_word' id='word_1_39' title='bbox 797 556 1005 618; x_wconf 70' lang='grc' dir='ltr'>ὑπειξομεν</span> <span class='ocrx_word' id='word_1_40' title='bbox 1029 561 1104 603; x_wconf 91' lang='grc' dir='ltr'>τοῦ</span> <span class='ocrx_word' id='word_1_41' title='bbox 1127 558 1303 621; x_wconf 76' lang='grc' dir='ltr'>ἀρχαίου</span> <span class='ocrx_word' id='word_1_42' title='bbox 1326 557 1473 618; x_wconf 86' lang='grc' dir='ltr'>λόγου.</span> 
     </span>
     <span class='ocr_line' id='line_1_6' title="bbox 128 631 1474 695; baseline 0.001 -17"><span class='ocrx_word' id='word_1_43' title='bbox 128 639 157 660; x_wconf 90' lang='lat'><strong>“</strong></span> <span class='ocrx_word' id='word_1_44' title='bbox 181 633 214 678; x_wconf 83' lang='grc' dir='ltr'>εἰ</span> <span class='ocrx_word' id='word_1_45' title='bbox 251 637 326 678; x_wconf 93' lang='grc' dir='ltr'>τοῦ</span> <span class='ocrx_word' id='word_1_46' title='bbox 348 631 419 694; x_wconf 81' lang='grc' dir='ltr'>μὲν</span> <span class='ocrx_word' id='word_1_47' title='bbox 444 632 573 695; x_wconf 79' lang='grc' dir='ltr'>πεζοῦ</span> <span class='ocrx_word' id='word_1_48' title='bbox 608 632 719 695; x_wconf 81' lang='grc' dir='ltr'>ὑμεῖς</span> <span class='ocrx_word' id='word_1_49' title='bbox 752 632 940 693; x_wconf 75' lang='grc' dir='ltr'><em>ἡγέοισθε,</em></span> <span class='ocrx_word' id='word_1_50' title='bbox 976 637 1050 679; x_wconf 88' lang='grc' dir='ltr'>τοῦ</span> <span class='ocrx_word' id='word_1_51' title='bbox 1085 632 1124 679; x_wconf 73' lang='grc' dir='ltr'>δὲ</span> <span class='ocrx_word' id='word_1_52' title='bbox 1161 637 1354 679; x_wconf 76' lang='grc' dir='ltr'>ναυτικοῦ</span> <span class='ocrx_word' id='word_1_53' title='bbox 1377 634 1474 693; x_wconf 80' lang='grc' dir='ltr'>ἐγώ·</span> 
     </span>
     <span class='ocr_line' id='line_1_7' title="bbox 129 707 1475 770; baseline 0.001 -16"><span class='ocrx_word' id='word_1_54' title='bbox 129 714 157 735; x_wconf 89' lang='grc'><strong>“</strong></span> <span class='ocrx_word' id='word_1_55' title='bbox 180 709 212 754; x_wconf 84' lang='grc' dir='ltr'>εἰ</span> <span class='ocrx_word' id='word_1_56' title='bbox 248 707 287 755; x_wconf 81' lang='grc' dir='ltr'>δὲ</span> <span class='ocrx_word' id='word_1_57' title='bbox 314 707 405 770; x_wconf 82' lang='grc' dir='ltr'>ὑμῖν</span> <span class='ocrx_word' id='word_1_58' title='bbox 440 708 550 762; x_wconf 83' lang='grc' dir='ltr'>ἡδονὴ</span> <span class='ocrx_word' id='word_1_59' title='bbox 584 713 658 755; x_wconf 91' lang='grc' dir='ltr'>τοῦ</span> <span class='ocrx_word' id='word_1_60' title='bbox 691 707 809 755; x_wconf 81' lang='grc' dir='ltr'>κατοὶ</span> <span class='ocrx_word' id='word_1_61' title='bbox 844 709 1071 755; x_wconf 60' lang='grc' dir='ltr'>θάλασσαν</span> <span class='ocrx_word' id='word_1_62' title='bbox 1104 708 1366 770; x_wconf 74' lang='grc' dir='ltr'>ἡγεμονεύειν,</span> <span class='ocrx_word' id='word_1_63' title='bbox 1400 713 1475 756; x_wconf 91' lang='grc' dir='ltr'>τοῦ</span> 
     </span>
     <span class='ocr_line' id='line_1_8' title="bbox 126 784 1475 849; baseline 0.001 -19"><span class='ocrx_word' id='word_1_64' title='bbox 126 789 154 812; x_wconf 87' lang='grc'><strong>“</strong></span> <span class='ocrx_word' id='word_1_65' title='bbox 180 784 310 847; x_wconf 81' lang='grc' dir='ltr'>πεζοῦ</span> <span class='ocrx_word' id='word_1_66' title='bbox 345 784 425 844; x_wconf 64' lang='grc' dir='ltr'>ἐγὼ</span> <span class='ocrx_word' id='word_1_67' title='bbox 447 785 571 832; x_wconf 58' lang='grc' dir='ltr'>θέλω.</span> <span class='ocrx_word' id='word_1_68' title='bbox 608 784 683 831; x_wconf 71' lang='grc' dir='ltr'>καὶ</span> <span class='ocrx_word' id='word_1_69' title='bbox 716 786 738 839; x_wconf 78' lang='grc' dir='ltr'>ἢ</span> <span class='ocrx_word' id='word_1_70' title='bbox 773 784 948 831; x_wconf 71' lang='grc' dir='ltr'>τούτοισι</span> <span class='ocrx_word' id='word_1_71' title='bbox 975 784 1105 847; x_wconf 81' lang='grc' dir='ltr'>ὑμέας</span> <span class='ocrx_word' id='word_1_72' title='bbox 1127 785 1247 848; x_wconf 76' lang='grc' dir='ltr'>χρεών</span> <span class='ocrx_word' id='word_1_73' title='bbox 1283 786 1366 831; x_wconf 76' lang='grc' dir='ltr'>ἐστι</span> <span class='ocrx_word' id='word_1_74' title='bbox 1407 786 1475 849; x_wconf 85' lang='grc' dir='ltr'>ἀρ-</span> 
     </span>
     <span class='ocr_line' id='line_1_9' title="bbox 126 860 1282 926; baseline 0.001 -19"><span class='ocrx_word' id='word_1_75' title='bbox 126 866 159 889; x_wconf 90' lang='lat'><strong>“</strong></span> <span class='ocrx_word' id='word_1_76' title='bbox 184 861 381 916; x_wconf 82' lang='grc' dir='ltr'>έσκεσθαι,</span> <span class='ocrx_word' id='word_1_77' title='bbox 410 862 431 915; x_wconf 76' lang='grc' dir='ltr'>ἡ</span> <span class='ocrx_word' id='word_1_78' title='bbox 456 861 619 908; x_wconf 81' lang='grc' dir='ltr'>ἀπιέναι</span> <span class='ocrx_word' id='word_1_79' title='bbox 643 863 879 924; x_wconf 87' lang='grc' dir='ltr'>συμμάχων</span> <span class='ocrx_word' id='word_1_80' title='bbox 899 862 1053 909; x_wconf 74' lang='grc' dir='ltr'>τοιῶνδε</span> <span class='ocrx_word' id='word_1_81' title='bbox 1078 860 1282 926; x_wconf 78' lang='grc' dir='ltr'>έρὴμους.”</span> 
     </span>
    </p>

    <p class='ocr_par' dir='ltr' id='par_1_4' title="bbox 123 935 1476 1230">
     <span class='ocr_line' id='line_1_10' title="bbox 191 935 1476 1001; baseline 0 -18"><span class='ocrx_word' id='word_1_82' title='bbox 191 953 323 983; x_wconf 86' lang='lat' dir='ltr'><strong>CLXI.</strong></span> <span class='ocrx_word' id='word_1_83' title='bbox 366 937 499 983; x_wconf 88' lang='grc' dir='ltr'>Γέλων</span> <span class='ocrx_word' id='word_1_84' title='bbox 523 936 594 999; x_wconf 78' lang='grc' dir='ltr'>μὲν</span> <span class='ocrx_word' id='word_1_85' title='bbox 619 936 664 990; x_wconf 82' lang='grc' dir='ltr'>δὴ</span> <span class='ocrx_word' id='word_1_86' title='bbox 688 941 829 983; x_wconf 85' lang='grc' dir='ltr'>ταῦτα</span> <span class='ocrx_word' id='word_1_87' title='bbox 854 937 1103 1001; x_wconf 87' lang='grc' dir='ltr'>προετείνετο.</span> <span class='ocrx_word' id='word_1_88' title='bbox 1173 938 1366 990; x_wconf 56' lang='lat' dir='ltr'>&lt;fficiam</span> <span class='ocrx_word' id='word_1_89' title='bbox 1389 935 1428 984; x_wconf 79' lang='grc' dir='ltr'>δὲ</span> <span class='ocrx_word' id='word_1_90' title='bbox 1455 936 1476 983; x_wconf 84' lang='grc' dir='ltr'>ὁ</span> 
     </span>
     <span class='ocr_line' id='line_1_11' title="bbox 123 1011 1471 1076; baseline 0 -16"><span class='ocrx_word' id='word_1_91' title='bbox 123 1011 361 1067; x_wconf 59' lang='grc' dir='ltr'>Ἀθηναίων</span> <span class='ocrx_word' id='word_1_92' title='bbox 386 1012 569 1073; x_wconf 79' lang='grc' dir='ltr'>οἵγγελος</span> <span class='ocrx_word' id='word_1_93' title='bbox 591 1012 657 1059; x_wconf 76' lang='grc' dir='ltr'>τᾶν</span> <span class='ocrx_word' id='word_1_94' title='bbox 685 1013 1033 1076; x_wconf 72' lang='grc' dir='ltr'>Λακεδαιμονίων,</span> <span class='ocrx_word' id='word_1_95' title='bbox 1060 1012 1255 1076; x_wconf 66' lang='grc' dir='ltr'>ἀμείὲετό</span> <span class='ocrx_word' id='word_1_96' title='bbox 1279 1032 1347 1076; x_wconf 91' lang='grc' dir='ltr'>μιν</span> <span class='ocrx_word' id='word_1_97' title='bbox 1368 1019 1471 1060; x_wconf 83' lang='grc' dir='ltr'>τοῖσ-</span> 
     </span>
     <span class='ocr_line' id='line_1_12' title="bbox 124 1088 1472 1154; baseline -0.001 -17"><span class='ocrx_word' id='word_1_98' title='bbox 124 1090 179 1137; x_wconf 88' lang='grc' dir='ltr'>δε·</span> <span class='ocrx_word' id='word_1_99' title='bbox 219 1088 336 1136; x_wconf 55' lang='grc' dir='ltr'>ιίτΩ</span> <span class='ocrx_word' id='word_1_100' title='bbox 377 1092 557 1153; x_wconf 82' lang='grc' dir='ltr'>βασιλεῦ</span> <span class='ocrx_word' id='word_1_101' title='bbox 597 1089 882 1153; x_wconf 82' lang='grc' dir='ltr'>Συρηκουσίων,</span> <span class='ocrx_word' id='word_1_102' title='bbox 918 1091 992 1136; x_wconf 81' lang='grc' dir='ltr'>οὐκ</span> <span class='ocrx_word' id='word_1_103' title='bbox 1027 1090 1219 1152; x_wconf 76' lang='grc' dir='ltr'>ἡγεμόνος</span> <span class='ocrx_word' id='word_1_104' title='bbox 1257 1091 1414 1154; x_wconf 90' lang='grc' dir='ltr'>δεομένη</span> <span class='ocrx_word' id='word_1_105' title='bbox 1450 1093 1472 1145; x_wconf 90' lang='grc' dir='ltr'>ἡ</span> 
     </span>
     <span class='ocr_line' id='line_1_13' title="bbox 125 1165 1473 1230; baseline 0.001 -18"><span class='ocrx_word' id='word_1_106' title='bbox 125 1173 152 1194; x_wconf 87' lang='grc'><strong>“</strong></span> <span class='ocrx_word' id='word_1_107' title='bbox 173 1165 336 1218; x_wconf 78' lang='grc' dir='ltr'>Ἑλλοὶς</span> <span class='ocrx_word' id='word_1_108' title='bbox 375 1165 628 1228; x_wconf 65' lang='grc' dir='ltr'>ἀπέπεμψεν</span> <span class='ocrx_word' id='word_1_109' title='bbox 652 1165 781 1228; x_wconf 80' lang='grc' dir='ltr'>ἡμέας</span> <span class='ocrx_word' id='word_1_110' title='bbox 820 1165 916 1229; x_wconf 78' lang='grc' dir='ltr'>πρὸς</span> <span class='ocrx_word' id='word_1_111' title='bbox 956 1165 1011 1221; x_wconf 79' lang='grc' dir='ltr'>σὲ,</span> <span class='ocrx_word' id='word_1_112' title='bbox 1046 1165 1163 1212; x_wconf 78' lang='grc' dir='ltr'>ἁλλοὶ</span> <span class='ocrx_word' id='word_1_113' title='bbox 1186 1171 1387 1230; x_wconf 88' lang='grc' dir='ltr'>στρατιῆς.</span> <span class='ocrx_word' id='word_1_114' title='bbox 1422 1165 1473 1213; x_wconf 77' lang='grc' dir='ltr'>σι)</span> 
     </span>
    </p>

    <p class='ocr_par' dir='ltr' id='par_1_5' title="bbox 67 1241 1475 1614">
     <span class='ocr_line' id='line_1_14' title="bbox 67 1241 1474 1307; baseline 0 -16"><span class='ocrx_word' id='word_1_115' title='bbox 67 1251 97 1290; x_wconf 85' lang='grc'><em>5</em></span> <span class='ocrx_word' id='word_1_116' title='bbox 123 1250 150 1271; x_wconf 85' lang='grc'><strong>“</strong></span> <span class='ocrx_word' id='word_1_117' title='bbox 173 1242 228 1299; x_wconf 77' lang='grc' dir='ltr'>δὲ,</span> <span class='ocrx_word' id='word_1_118' title='bbox 255 1241 354 1296; x_wconf 79' lang='grc' dir='ltr'>ὅκως</span> <span class='ocrx_word' id='word_1_119' title='bbox 376 1242 449 1306; x_wconf 79' lang='grc' dir='ltr'>μὲν</span> <span class='ocrx_word' id='word_1_120' title='bbox 472 1242 659 1307; x_wconf 82' lang='grc' dir='ltr'>στρατιῆν</span> <span class='ocrx_word' id='word_1_121' title='bbox 683 1243 869 1306; x_wconf 69' lang='grc' dir='ltr'>πέμψεις</span> <span class='ocrx_word' id='word_1_122' title='bbox 890 1243 949 1306; x_wconf 81' lang='grc' dir='ltr'>μῆ</span> <span class='ocrx_word' id='word_1_123' title='bbox 972 1243 1186 1306; x_wconf 73' lang='grc' dir='ltr'>ἡγεύμενος</span> <span class='ocrx_word' id='word_1_124' title='bbox 1218 1247 1289 1297; x_wconf 89' lang='grc' dir='ltr'>τῆς</span> <span class='ocrx_word' id='word_1_125' title='bbox 1311 1245 1474 1292; x_wconf 87' lang='grc' dir='ltr'>Ἑλλά-</span> 
     </span>
     <span class='ocr_line' id='line_1_15' title="bbox 123 1320 1472 1384; baseline 0 -17"><span class='ocrx_word' id='word_1_126' title='bbox 123 1327 153 1349; x_wconf 90' lang='lat'><strong>“</strong></span> <span class='ocrx_word' id='word_1_127' title='bbox 177 1321 256 1377; x_wconf 89' lang='grc' dir='ltr'>δος,</span> <span class='ocrx_word' id='word_1_128' title='bbox 283 1322 328 1367; x_wconf 80' lang='grc' dir='ltr'>οὐ</span> <span class='ocrx_word' id='word_1_129' title='bbox 352 1320 592 1384; x_wconf 82' lang='grc' dir='ltr'>προφαίνεις·</span> <span class='ocrx_word' id='word_1_130' title='bbox 634 1322 685 1373; x_wconf 77' lang='grc' dir='ltr'>ὦς</span> <span class='ocrx_word' id='word_1_131' title='bbox 709 1320 748 1367; x_wconf 77' lang='grc' dir='ltr'>δὲ</span> <span class='ocrx_word' id='word_1_132' title='bbox 772 1321 1062 1384; x_wconf 71' lang='grc' dir='ltr'>στρατηγήσεις</span> <span class='ocrx_word' id='word_1_133' title='bbox 1102 1321 1243 1376; x_wconf 82' lang='grc' dir='ltr'>αὐτῆς,</span> <span class='ocrx_word' id='word_1_134' title='bbox 1287 1321 1472 1381; x_wconf 80' lang='grc' dir='ltr'>γλίχεαι.</span> 
     </span>
     <span class='ocr_line' id='line_1_16' title="bbox 121 1397 1473 1461; baseline 0 -17"><span class='ocrx_word' id='word_1_135' title='bbox 121 1406 148 1426; x_wconf 87' lang='grc'><strong>“</strong></span> <span class='ocrx_word' id='word_1_136' title='bbox 173 1397 259 1444; x_wconf 77' lang='grc' dir='ltr'>ὅσον</span> <span class='ocrx_word' id='word_1_137' title='bbox 281 1398 353 1461; x_wconf 92' lang='grc' dir='ltr'>μέν</span> <span class='ocrx_word' id='word_1_138' title='bbox 377 1417 438 1444; x_wconf 92' lang='grc' dir='ltr'>νυν</span> <span class='ocrx_word' id='word_1_139' title='bbox 461 1397 615 1450; x_wconf 82' lang='grc' dir='ltr'>παντὸς</span> <span class='ocrx_word' id='word_1_140' title='bbox 637 1402 711 1443; x_wconf 94' lang='grc' dir='ltr'>τοῦ</span> <span class='ocrx_word' id='word_1_141' title='bbox 734 1398 934 1450; x_wconf 81' lang='grc' dir='ltr'>Ἑλλὴνων</span> <span class='ocrx_word' id='word_1_142' title='bbox 971 1402 1151 1460; x_wconf 86' lang='grc' dir='ltr'>στρατοῦ</span> <span class='ocrx_word' id='word_1_143' title='bbox 1190 1397 1297 1444; x_wconf 77' lang='grc' dir='ltr'>ἐδέου</span> <span class='ocrx_word' id='word_1_144' title='bbox 1336 1398 1473 1457; x_wconf 88' lang='grc' dir='ltr'>ἡγέεσ-</span> 
     </span>
     <span class='ocr_line' id='line_1_17' title="bbox 123 1473 1474 1537; baseline 0 -17"><span class='ocrx_word' id='word_1_145' title='bbox 123 1481 154 1503; x_wconf 83' lang='grc'><strong>“</strong></span> <span class='ocrx_word' id='word_1_146' title='bbox 178 1476 271 1529; x_wconf 60' lang='grc' dir='ltr'>θαι,</span> <span class='ocrx_word' id='word_1_147' title='bbox 297 1474 440 1537; x_wconf 79' lang='grc' dir='ltr'>ἐξὴρκει</span> <span class='ocrx_word' id='word_1_148' title='bbox 475 1475 564 1536; x_wconf 79' lang='grc' dir='ltr'>ἡμῖν</span> <span class='ocrx_word' id='word_1_149' title='bbox 589 1479 688 1519; x_wconf 78' lang='grc' dir='ltr'>τοῖσι</span> <span class='ocrx_word' id='word_1_150' title='bbox 712 1473 977 1526; x_wconf 56' lang='grc' dir='ltr'>Ἀθηναίοισι</span> <span class='ocrx_word' id='word_1_151' title='bbox 1002 1473 1167 1533; x_wconf 78' lang='grc' dir='ltr'>ἡσυχίην</span> <span class='ocrx_word' id='word_1_152' title='bbox 1202 1473 1329 1533; x_wconf 75' lang='grc' dir='ltr'>οἴγειν,</span> <span class='ocrx_word' id='word_1_153' title='bbox 1362 1475 1474 1520; x_wconf 75' lang='grc' dir='ltr'>ἑπισ-</span> 
     </span>
     <span class='ocr_line' id='line_1_18' title="bbox 124 1550 1475 1614; baseline -0.001 -16"><span class='ocrx_word' id='word_1_154' title='bbox 124 1559 150 1580; x_wconf 85' lang='grc'><strong>“</strong></span> <span class='ocrx_word' id='word_1_155' title='bbox 173 1551 380 1614; x_wconf 87' lang='grc' dir='ltr'>ταμένοισι</span> <span class='ocrx_word' id='word_1_156' title='bbox 420 1553 470 1603; x_wconf 78' lang='grc' dir='ltr'>ὦς</span> <span class='ocrx_word' id='word_1_157' title='bbox 507 1550 528 1596; x_wconf 87' lang='grc' dir='ltr'>ὁ</span> <span class='ocrx_word' id='word_1_158' title='bbox 554 1551 705 1597; x_wconf 83' lang='grc' dir='ltr'>Λάκων</span> <span class='ocrx_word' id='word_1_159' title='bbox 742 1550 877 1603; x_wconf 80' lang='grc' dir='ltr'>ἱκανός</span> <span class='ocrx_word' id='word_1_160' title='bbox 915 1569 978 1596; x_wconf 84' lang='grc' dir='ltr'>τοι</span> <span class='ocrx_word' id='word_1_161' title='bbox 1020 1550 1165 1613; x_wconf 77' lang='grc' dir='ltr'>ἔμελλε</span> <span class='ocrx_word' id='word_1_162' title='bbox 1206 1550 1373 1597; x_wconf 58' lang='grc' dir='ltr'>ἔσεσθαι</span> <span class='ocrx_word' id='word_1_163' title='bbox 1397 1550 1475 1597; x_wconf 76' lang='grc' dir='ltr'>καὶ</span> 
     </span>
    </p>

    <p class='ocr_par' dir='ltr' id='par_1_6' title="bbox 40 1626 1473 1998">
     <span class='ocr_line' id='line_1_19' title="bbox 40 1626 1473 1691; baseline -0.001 -15"><span class='ocrx_word' id='word_1_164' title='bbox 40 1637 100 1676; x_wconf 91' lang='grc'>10</span> <span class='ocrx_word' id='word_1_165' title='bbox 122 1635 156 1656; x_wconf 88' lang='lat'><strong>“</strong></span> <span class='ocrx_word' id='word_1_166' title='bbox 181 1628 278 1691; x_wconf 81' lang='grc' dir='ltr'>ὑπὲρ</span> <span class='ocrx_word' id='word_1_167' title='bbox 302 1627 534 1690; x_wconf 81' lang='grc' dir='ltr'>ἀμφοτέρων</span> <span class='ocrx_word' id='word_1_168' title='bbox 558 1626 896 1688; x_wconf 72' lang='grc' dir='ltr'>ἀπολογεύμενος·</span> <span class='ocrx_word' id='word_1_169' title='bbox 931 1627 1023 1673; x_wconf 82' lang='grc' dir='ltr'>έπεί</span> <span class='ocrx_word' id='word_1_170' title='bbox 1047 1645 1090 1673; x_wconf 91' lang='grc' dir='ltr'>τε</span> <span class='ocrx_word' id='word_1_171' title='bbox 1116 1626 1155 1673; x_wconf 80' lang='grc' dir='ltr'>δὲ</span> <span class='ocrx_word' id='word_1_172' title='bbox 1180 1627 1346 1682; x_wconf 81' lang='grc' dir='ltr'>ἁπάσης</span> <span class='ocrx_word' id='word_1_173' title='bbox 1369 1627 1473 1675; x_wconf 82' lang='grc' dir='ltr'>ἀπε-</span> 
     </span>
     <span class='ocr_line' id='line_1_20' title="bbox 122 1703 1467 1768; baseline 0 -17"><span class='ocrx_word' id='word_1_174' title='bbox 122 1711 153 1734; x_wconf 90' lang='lat'><strong>“</strong></span> <span class='ocrx_word' id='word_1_175' title='bbox 175 1704 429 1767; x_wconf 81' lang='grc' dir='ltr'>λαυνόμενος,</span> <span class='ocrx_word' id='word_1_176' title='bbox 465 1704 568 1750; x_wconf 90' lang='grc' dir='ltr'>δέεαι</span> <span class='ocrx_word' id='word_1_177' title='bbox 609 1707 680 1758; x_wconf 90' lang='grc' dir='ltr'>τῆς</span> <span class='ocrx_word' id='word_1_178' title='bbox 703 1707 892 1758; x_wconf 75' lang='grc' dir='ltr'>ναυτικῆς</span> <span class='ocrx_word' id='word_1_179' title='bbox 932 1703 1082 1768; x_wconf 78' lang='grc' dir='ltr'>οἵρχειν,</span> <span class='ocrx_word' id='word_1_180' title='bbox 1120 1704 1225 1751; x_wconf 82' lang='grc' dir='ltr'>οὕτω</span> <span class='ocrx_word' id='word_1_181' title='bbox 1266 1704 1348 1765; x_wconf 77' lang='grc' dir='ltr'>ἔχει</span> <span class='ocrx_word' id='word_1_182' title='bbox 1388 1723 1467 1752; x_wconf 89' lang='grc' dir='ltr'>τοι.</span> 
     </span>
     <span class='ocr_line' id='line_1_21' title="bbox 115 1781 1469 1845; baseline -0.001 -15"><span class='ocrx_word' id='word_1_183' title='bbox 115 1790 144 1812; x_wconf 89' lang='grc'><strong>“</strong></span> <span class='ocrx_word' id='word_1_184' title='bbox 167 1781 266 1838; x_wconf 80' lang='grc' dir='ltr'>οὐδ’,</span> <span class='ocrx_word' id='word_1_185' title='bbox 292 1783 332 1837; x_wconf 80' lang='grc' dir='ltr'>ἢν</span> <span class='ocrx_word' id='word_1_186' title='bbox 358 1781 379 1827; x_wconf 91' lang='lat' dir='ltr'>o‘</span> <span class='ocrx_word' id='word_1_187' title='bbox 403 1782 554 1828; x_wconf 88' lang='grc' dir='ltr'>Λάκων</span> <span class='ocrx_word' id='word_1_188' title='bbox 579 1782 669 1844; x_wconf 76' lang='grc' dir='ltr'>ἐπίῃ</span> <span class='ocrx_word' id='word_1_189' title='bbox 693 1800 753 1827; x_wconf 94' lang='grc' dir='ltr'>τοι</span> <span class='ocrx_word' id='word_1_190' title='bbox 778 1781 912 1845; x_wconf 77' lang='grc' dir='ltr'>οἵρχειν</span> <span class='ocrx_word' id='word_1_191' title='bbox 946 1782 1088 1837; x_wconf 84' lang='grc' dir='ltr'>αὐτῆς,</span> <span class='ocrx_word' id='word_1_192' title='bbox 1128 1783 1240 1844; x_wconf 82' lang='grc' dir='ltr'>ἡμεῖς</span> <span class='ocrx_word' id='word_1_193' title='bbox 1262 1782 1469 1844; x_wconf 82' lang='grc' dir='ltr'>έπὴσομεν·</span> 
     </span>
     <span class='ocr_line' id='line_1_22' title="bbox 120 1858 1468 1923; baseline 0 -17"><span class='ocrx_word' id='word_1_194' title='bbox 120 1867 149 1888; x_wconf 89' lang='grc'><strong>“</strong></span> <span class='ocrx_word' id='word_1_195' title='bbox 172 1859 336 1923; x_wconf 87' lang='grc' dir='ltr'>ἡμετέρη</span> <span class='ocrx_word' id='word_1_196' title='bbox 360 1859 442 1921; x_wconf 87' lang='grc' dir='ltr'>γάρ</span> <span class='ocrx_word' id='word_1_197' title='bbox 475 1859 558 1905; x_wconf 76' lang='grc' dir='ltr'>ἐστι</span> <span class='ocrx_word' id='word_1_198' title='bbox 583 1858 691 1911; x_wconf 78' lang='grc' dir='ltr'>αὕτη</span> <span class='ocrx_word' id='word_1_199' title='bbox 714 1877 775 1918; x_wconf 90' lang='grc' dir='ltr'>γε,</span> <span class='ocrx_word' id='word_1_200' title='bbox 816 1858 875 1921; x_wconf 83' lang='grc' dir='ltr'>μῆ</span> <span class='ocrx_word' id='word_1_201' title='bbox 907 1858 1056 1905; x_wconf 82' lang='grc' dir='ltr'>αὐτέων</span> <span class='ocrx_word' id='word_1_202' title='bbox 1093 1858 1346 1922; x_wconf 83' lang='grc' dir='ltr'>βουλομένων</span> <span class='ocrx_word' id='word_1_203' title='bbox 1373 1862 1468 1906; x_wconf 83' lang='grc' dir='ltr'>Λα-</span> 
     </span>
     <span class='ocr_line' id='line_1_23' title="bbox 123 1933 1468 1998; baseline -0.001 -16"><span class='ocrx_word' id='word_1_204' title='bbox 123 1943 154 1964; x_wconf 91' lang='lat'><strong>“</strong></span> <span class='ocrx_word' id='word_1_205' title='bbox 177 1935 448 1998; x_wconf 87' lang='grc' dir='ltr'>κεδαιμονίων.</span> <span class='ocrx_word' id='word_1_206' title='bbox 506 1935 682 1981; x_wconf 71' lang='grc' dir='ltr'>τούτοισι</span> <span class='ocrx_word' id='word_1_207' title='bbox 713 1933 784 1996; x_wconf 74' lang='grc' dir='ltr'>μὲν</span> <span class='ocrx_word' id='word_1_208' title='bbox 807 1933 855 1980; x_wconf 68' lang='grc' dir='ltr'>ὧν</span> <span class='ocrx_word' id='word_1_209' title='bbox 878 1934 1064 1994; x_wconf 76' lang='grc' dir='ltr'>ἡγέεσθαι</span> <span class='ocrx_word' id='word_1_210' title='bbox 1087 1935 1368 1998; x_wconf 82' lang='grc' dir='ltr'>βουλομένοισι</span> <span class='ocrx_word' id='word_1_211' title='bbox 1392 1936 1468 1982; x_wconf 82' lang='grc' dir='ltr'>οὐκ</span> 
     </span>
    </p>

    <p class='ocr_par' dir='ltr' id='par_1_7' title="bbox 38 2010 1467 2382">
     <span class='ocr_line' id='line_1_24' title="bbox 38 2010 1467 2076; baseline -0.001 -16"><span class='ocrx_word' id='word_1_212' title='bbox 38 2021 97 2062; x_wconf 90' lang='grc'>15</span> <span class='ocrx_word' id='word_1_213' title='bbox 122 2021 149 2041; x_wconf 88' lang='grc'><strong>“</strong></span> <span class='ocrx_word' id='word_1_214' title='bbox 172 2012 449 2075; x_wconf 82' lang='grc' dir='ltr'>ἀντιτείνομεν,</span> <span class='ocrx_word' id='word_1_215' title='bbox 485 2011 602 2074; x_wconf 74' lang='grc' dir='ltr'>ἄλλῳ</span> <span class='ocrx_word' id='word_1_216' title='bbox 626 2010 666 2058; x_wconf 77' lang='grc' dir='ltr'>δὲ</span> <span class='ocrx_word' id='word_1_217' title='bbox 690 2012 917 2075; x_wconf 84' lang='grc' dir='ltr'>παρὴσομεν</span> <span class='ocrx_word' id='word_1_218' title='bbox 941 2011 1063 2058; x_wconf 73' lang='grc' dir='ltr'>οὐδενὶ</span> <span class='ocrx_word' id='word_1_219' title='bbox 1090 2012 1331 2076; x_wconf 77' lang='grc' dir='ltr'>ναυαρχέειν.</span> <span class='ocrx_word' id='word_1_220' title='bbox 1380 2013 1467 2074; x_wconf 85' lang='grc' dir='ltr'>μά-</span> 
     </span>
     <span class='ocr_line' id='line_1_25' title="bbox 120 2086 1466 2153; baseline 0 -17"><span class='ocrx_word' id='word_1_221' title='bbox 120 2096 151 2118; x_wconf 84' lang='grc'><strong>“</strong></span> <span class='ocrx_word' id='word_1_222' title='bbox 173 2110 241 2144; x_wconf 93' lang='grc' dir='ltr'>την</span> <span class='ocrx_word' id='word_1_223' title='bbox 265 2088 347 2153; x_wconf 78' lang='grc' dir='ltr'>γοὶρ</span> <span class='ocrx_word' id='word_1_224' title='bbox 371 2088 418 2135; x_wconf 80' lang='grc' dir='ltr'>ἂν</span> <span class='ocrx_word' id='word_1_225' title='bbox 451 2086 523 2135; x_wconf 70' lang='grc' dir='ltr'>ὦδε</span> <span class='ocrx_word' id='word_1_226' title='bbox 547 2089 731 2152; x_wconf 76' lang='grc' dir='ltr'>πάραλον</span> <span class='ocrx_word' id='word_1_227' title='bbox 765 2090 966 2142; x_wconf 82' lang='grc' dir='ltr'>Ἑλλὴνων</span> <span class='ocrx_word' id='word_1_228' title='bbox 989 2088 1160 2152; x_wconf 80' lang='grc' dir='ltr'>στρατόν</span> <span class='ocrx_word' id='word_1_229' title='bbox 1183 2094 1369 2136; x_wconf 80' lang='grc' dir='ltr'>πλεῖστον</span> <span class='ocrx_word' id='word_1_230' title='bbox 1392 2093 1466 2144; x_wconf 72' lang='grc' dir='ltr'>εἴη·</span> 
     </span>
     <span class='ocr_line' id='line_1_26' title="bbox 121 2165 1467 2230; baseline 0.001 -17"><span class='ocrx_word' id='word_1_231' title='bbox 121 2175 147 2195; x_wconf 88' lang='grc'><strong>“</strong></span> <span class='ocrx_word' id='word_1_232' title='bbox 169 2186 241 2230; x_wconf 88' lang='grc' dir='ltr'>μεν</span> <span class='ocrx_word' id='word_1_233' title='bbox 276 2166 493 2229; x_wconf 74' lang='grc' dir='ltr'>ἐκτημένοι,</span> <span class='ocrx_word' id='word_1_234' title='bbox 529 2167 561 2212; x_wconf 81' lang='grc' dir='ltr'>εἰ</span> <span class='ocrx_word' id='word_1_235' title='bbox 586 2165 885 2230; x_wconf 78' lang='grc' dir='ltr'>Συρηκουσίοισι</span> <span class='ocrx_word' id='word_1_236' title='bbox 909 2165 1032 2219; x_wconf 78' lang='grc' dir='ltr'>ἐόντες</span> <span class='ocrx_word' id='word_1_237' title='bbox 1054 2167 1277 2220; x_wconf 56' lang='grc' dir='ltr'>Ἀθηναῖοι</span> <span class='ocrx_word' id='word_1_238' title='bbox 1300 2185 1467 2228; x_wconf 86' lang='grc' dir='ltr'>συγχω-</span> 
     </span>
     <span class='ocr_line' id='line_1_27' title="bbox 120 2242 1465 2307; baseline 0.001 -18"><span class='ocrx_word' id='word_1_239' title='bbox 120 2250 151 2272; x_wconf 93' lang='lat'><strong>“</strong></span> <span class='ocrx_word' id='word_1_240' title='bbox 175 2244 337 2307; x_wconf 83' lang='grc' dir='ltr'>ρὴσομεν</span> <span class='ocrx_word' id='word_1_241' title='bbox 359 2246 430 2296; x_wconf 86' lang='grc' dir='ltr'>τῆς</span> <span class='ocrx_word' id='word_1_242' title='bbox 452 2243 672 2305; x_wconf 88' lang='grc' dir='ltr'>ἡγεμονίης,</span> <span class='ocrx_word' id='word_1_243' title='bbox 705 2242 981 2306; x_wconf 81' lang='grc' dir='ltr'>ἀρχαιότατον</span> <span class='ocrx_word' id='word_1_244' title='bbox 1003 2242 1075 2306; x_wconf 79' lang='grc' dir='ltr'>μὲν</span> <span class='ocrx_word' id='word_1_245' title='bbox 1097 2243 1212 2297; x_wconf 59' lang='grc' dir='ltr'>ἔθνος</span> <span class='ocrx_word' id='word_1_246' title='bbox 1234 2244 1465 2307; x_wconf 80' lang='grc' dir='ltr'>παρεχόμε-</span> 
     </span>
     <span class='ocr_line' id='line_1_28' title="bbox 120 2318 1465 2382; baseline 0.001 -16"><span class='ocrx_word' id='word_1_247' title='bbox 120 2327 150 2348; x_wconf 93' lang='lat'><strong><em>“</em></strong></span> <span class='ocrx_word' id='word_1_248' title='bbox 174 2338 240 2375; x_wconf 90' lang='grc' dir='ltr'>νοι,</span> <span class='ocrx_word' id='word_1_249' title='bbox 263 2324 400 2382; x_wconf 91' lang='grc' dir='ltr'>μοῦνοι</span> <span class='ocrx_word' id='word_1_250' title='bbox 425 2318 464 2366; x_wconf 81' lang='grc' dir='ltr'>δὲ</span> <span class='ocrx_word' id='word_1_251' title='bbox 500 2318 623 2372; x_wconf 78' lang='grc' dir='ltr'>ἐόντες</span> <span class='ocrx_word' id='word_1_252' title='bbox 646 2320 691 2365; x_wconf 81' lang='grc' dir='ltr'>οὐ</span> <span class='ocrx_word' id='word_1_253' title='bbox 729 2320 990 2381; x_wconf 79' lang='grc' dir='ltr'>μετανάσται</span> <span class='ocrx_word' id='word_1_254' title='bbox 1023 2322 1237 2375; x_wconf 72' lang='grc' dir='ltr'>Ἑλλήνων·</span> <span class='ocrx_word' id='word_1_255' title='bbox 1276 2325 1350 2367; x_wconf 78' lang='grc' dir='ltr'>τῶν</span> <span class='ocrx_word' id='word_1_256' title='bbox 1389 2321 1465 2368; x_wconf 73' lang='grc' dir='ltr'>καὶ</span> 
     </span>
    </p>

    <p class='ocr_par' dir='ltr' id='par_1_8' title="bbox 35 2394 1465 2610">
     <span class='ocr_line' id='line_1_29' title="bbox 35 2394 1464 2460; baseline 0 -16"><span class='ocrx_word' id='word_1_257' title='bbox 35 2405 98 2444; x_wconf 79' lang='grc'>20</span> <span class='ocrx_word' id='word_1_258' title='bbox 123 2397 359 2460; x_wconf 41' lang='grc' dir='ltr'>(((Ὀμηρος</span> <span class='ocrx_word' id='word_1_259' title='bbox 393 2394 624 2448; x_wconf 79' lang='grc' dir='ltr'>ὁέποποιός</span> <span class='ocrx_word' id='word_1_260' title='bbox 657 2395 780 2459; x_wconf 73' lang='grc' dir='ltr'>ἄνδρα</span> <span class='ocrx_word' id='word_1_261' title='bbox 815 2396 972 2460; x_wconf 75' lang='grc' dir='ltr'>οἵριστον</span> <span class='ocrx_word' id='word_1_262' title='bbox 1007 2397 1121 2455; x_wconf 77' lang='grc' dir='ltr'>ἔφησε</span> <span class='ocrx_word' id='word_1_263' title='bbox 1153 2399 1192 2451; x_wconf 80' lang='grc' dir='ltr'>ές</span> <span class='ocrx_word' id='word_1_264' title='bbox 1211 2399 1333 2444; x_wconf 83' lang='grc' dir='ltr'>Ἴλιον</span> <span class='ocrx_word' id='word_1_265' title='bbox 1365 2397 1464 2444; x_wconf 80' lang='grc' dir='ltr'>ἁπι-</span> 
     </span>
     <span class='ocr_line' id='line_1_30' title="bbox 124 2471 1465 2536; baseline 0.001 -17"><span class='ocrx_word' id='word_1_266' title='bbox 124 2480 152 2501; x_wconf 88' lang='lat'><strong>“</strong></span> <span class='ocrx_word' id='word_1_267' title='bbox 174 2472 330 2528; x_wconf 81' lang='grc' dir='ltr'>κέσθαι,</span> <span class='ocrx_word' id='word_1_268' title='bbox 367 2473 491 2527; x_wconf 78' lang='grc' dir='ltr'>τάξαι</span> <span class='ocrx_word' id='word_1_269' title='bbox 526 2491 569 2520; x_wconf 88' lang='grc' dir='ltr'>τε</span> <span class='ocrx_word' id='word_1_270' title='bbox 603 2471 679 2518; x_wconf 74' lang='grc' dir='ltr'>καὶ</span> <span class='ocrx_word' id='word_1_271' title='bbox 719 2472 994 2536; x_wconf 76' lang='grc' dir='ltr'>διακοσμῆσαι</span> <span class='ocrx_word' id='word_1_272' title='bbox 1031 2474 1211 2536; x_wconf 80' lang='grc' dir='ltr'>στρατόν.</span> <span class='ocrx_word' id='word_1_273' title='bbox 1251 2473 1356 2521; x_wconf 78' lang='grc' dir='ltr'>οὕτω</span> <span class='ocrx_word' id='word_1_274' title='bbox 1389 2474 1465 2520; x_wconf 83' lang='grc' dir='ltr'>οὐκ</span> 
     </span>
     <span class='ocr_line' id='line_1_31' title="bbox 121 2547 1066 2610; baseline 0.001 -15"><span class='ocrx_word' id='word_1_275' title='bbox 121 2556 148 2578; x_wconf 89' lang='grc'><strong>“</strong></span> <span class='ocrx_word' id='word_1_276' title='bbox 172 2548 308 2600; x_wconf 76' lang='grc' dir='ltr'>ὄνειδος</span> <span class='ocrx_word' id='word_1_277' title='bbox 341 2549 431 2610; x_wconf 84' lang='grc' dir='ltr'>ἡμῖν</span> <span class='ocrx_word' id='word_1_278' title='bbox 465 2547 550 2595; x_wconf 71' lang='grc' dir='ltr'>ἐστὶ</span> <span class='ocrx_word' id='word_1_279' title='bbox 583 2548 688 2595; x_wconf 79' lang='grc' dir='ltr'>οὐδὲν</span> <span class='ocrx_word' id='word_1_280' title='bbox 717 2549 847 2609; x_wconf 92' lang='grc' dir='ltr'>λέγειν</span> <span class='ocrx_word' id='word_1_281' title='bbox 880 2548 1066 2596; x_wconf 89' lang='grc' dir='ltr'>ταῦτα.”</span> 
     </span>
    </p>

    <p class='ocr_par' dir='ltr' id='par_1_9' title="bbox 121 2623 1463 2840">
     <span class='ocr_line' id='line_1_32' title="bbox 187 2623 1461 2687; baseline 0.002 -16"><span class='ocrx_word' id='word_1_282' title='bbox 187 2641 340 2672; x_wconf 81' lang='lat' dir='ltr'>CLXII.</span> <span class='ocrx_word' id='word_1_283' title='bbox 392 2623 620 2687; x_wconf 66' lang='grc' dir='ltr'>Ἀμείὲετο</span> <span class='ocrx_word' id='word_1_284' title='bbox 655 2625 787 2672; x_wconf 90' lang='grc' dir='ltr'>Γέλων</span> <span class='ocrx_word' id='word_1_285' title='bbox 835 2625 979 2672; x_wconf 83' lang='grc' dir='ltr'>τοῖσδε·</span> <span class='ocrx_word' id='word_1_286' title='bbox 1032 2633 1059 2654; x_wconf 82' lang='grc'><strong>“</strong></span> <span class='ocrx_word' id='word_1_287' title='bbox 1085 2625 1198 2673; x_wconf 81' lang='grc' dir='ltr'>Ξεῖνε</span> <span class='ocrx_word' id='word_1_288' title='bbox 1243 2625 1461 2682; x_wconf 57' lang='grc' dir='ltr'>Ἀθηναῖε,</span> 
     </span>
     <span class='ocr_line' id='line_1_33' title="bbox 121 2701 1463 2767; baseline 0.001 -18"><span class='ocrx_word' id='word_1_289' title='bbox 121 2707 154 2730; x_wconf 89' lang='grc'><strong>“</strong></span> <span class='ocrx_word' id='word_1_290' title='bbox 179 2702 291 2765; x_wconf 84' lang='grc' dir='ltr'>ὑμεῖς</span> <span class='ocrx_word' id='word_1_291' title='bbox 330 2705 468 2749; x_wconf 74' lang='grc' dir='ltr'>οἴκατε</span> <span class='ocrx_word' id='word_1_292' title='bbox 503 2701 598 2755; x_wconf 80' lang='grc' dir='ltr'>τοῦς</span> <span class='ocrx_word' id='word_1_293' title='bbox 632 2701 705 2766; x_wconf 81' lang='grc' dir='ltr'>μὲν</span> <span class='ocrx_word' id='word_1_294' title='bbox 742 2702 946 2766; x_wconf 72' lang='grc' dir='ltr'>ἄρχοντας</span> <span class='ocrx_word' id='word_1_295' title='bbox 975 2702 1090 2763; x_wconf 79' lang='grc' dir='ltr'>ἔχειν,</span> <span class='ocrx_word' id='word_1_296' title='bbox 1116 2701 1211 2756; x_wconf 76' lang='grc' dir='ltr'>τοῦς</span> <span class='ocrx_word' id='word_1_297' title='bbox 1233 2701 1273 2750; x_wconf 83' lang='grc' dir='ltr'>δὲ</span> <span class='ocrx_word' id='word_1_298' title='bbox 1295 2703 1463 2767; x_wconf 76' lang='grc' dir='ltr'>ἀρξομέ-</span> 
     </span>
     <span class='ocr_line' id='line_1_34' title="bbox 125 2777 1463 2840; baseline 0 -14"><span class='ocrx_word' id='word_1_299' title='bbox 125 2785 153 2808; x_wconf 91' lang='lat'><strong>“</strong></span> <span class='ocrx_word' id='word_1_300' title='bbox 177 2798 261 2832; x_wconf 90' lang='grc' dir='ltr'>νους</span> <span class='ocrx_word' id='word_1_301' title='bbox 283 2779 359 2826; x_wconf 86' lang='grc' dir='ltr'>οὐκ</span> <span class='ocrx_word' id='word_1_302' title='bbox 381 2778 486 2834; x_wconf 79' lang='grc' dir='ltr'>ἕξειν.</span> <span class='ocrx_word' id='word_1_303' title='bbox 525 2778 609 2827; x_wconf 74' lang='grc' dir='ltr'>ἐπεὶ</span> <span class='ocrx_word' id='word_1_304' title='bbox 631 2779 756 2826; x_wconf 91' lang='grc' dir='ltr'>τοίνυν</span> <span class='ocrx_word' id='word_1_305' title='bbox 797 2778 903 2826; x_wconf 79' lang='grc' dir='ltr'>οὐδὲν</span> <span class='ocrx_word' id='word_1_306' title='bbox 926 2777 1116 2836; x_wconf 83' lang='grc' dir='ltr'>ὑπιέντες,</span> <span class='ocrx_word' id='word_1_307' title='bbox 1151 2778 1253 2840; x_wconf 79' lang='grc' dir='ltr'>ἔχειν</span> <span class='ocrx_word' id='word_1_308' title='bbox 1291 2778 1340 2828; x_wconf 76' lang='grc' dir='ltr'>τὸ</span> <span class='ocrx_word' id='word_1_309' title='bbox 1379 2780 1463 2827; x_wconf 80' lang='grc' dir='ltr'>ποῖν</span> 
     </span>
    </p>

    <p class='ocr_par' dir='ltr' id='par_1_10' title="bbox 203 2865 816 2907">
     <span class='ocr_line' id='line_1_35' title="bbox 203 2865 816 2907; baseline 0.002 -5"><span class='ocrx_word' id='word_1_310' title='bbox 203 2865 313 2907; x_wconf 75' lang='lat' dir='ltr'><strong>VoL.</strong></span> <span class='ocrx_word' id='word_1_311' title='bbox 333 2866 386 2904; x_wconf 87' lang='lat'>11.</span> <span class='ocrx_word' id='word_1_312' title='bbox 738 2867 771 2905; x_wconf 91' lang='lat' dir='ltr'><strong>B</strong></span> <span class='ocrx_word' id='word_1_313' title='bbox 789 2865 816 2903; x_wconf 92' lang='lat' dir='ltr'>b</span> 
     </span>
    </p>
   </div>
   <div class='ocr_carea' id='block_1_3' title="bbox 1494 949 1699 1198">
    <p class='ocr_par' dir='ltr' id='par_1_11' title="bbox 1494 949 1699 1198">
     <span class='ocr_line' id='line_1_36' title="bbox 1495 949 1682 992; baseline 0.011 -12"><span class='ocrx_word' id='word_1_314' title='bbox 1495 949 1548 985; x_wconf 87' lang='lat' dir='ltr'>illi,</span> <span class='ocrx_word' id='word_1_315' title='bbox 1565 950 1682 992; x_wconf 83' lang='lat' dir='ltr'>quippe</span> 
     </span>
     <span class='ocr_line' id='line_1_37' title="bbox 1495 994 1664 1025; baseline 0.018 -3"><span class='ocrx_word' id='word_1_316' title='bbox 1495 1003 1560 1024; x_wconf 89' lang='lat' dir='ltr'>non</span> <span class='ocrx_word' id='word_1_317' title='bbox 1575 994 1664 1025; x_wconf 88' lang='lat' dir='ltr'><strong>ducis</strong></span> 
     </span>
     <span class='ocr_line' id='line_1_38' title="bbox 1495 1042 1630 1077; baseline 0.007 -11"><span class='ocrx_word' id='word_1_318' title='bbox 1495 1042 1630 1077; x_wconf 82' lang='lat' dir='ltr'><strong>egentes,</strong></span> 
     </span>
     <span class='ocr_line' id='line_1_39' title="bbox 1495 1080 1653 1110; baseline 0.013 -2"><span class='ocrx_word' id='word_1_319' title='bbox 1495 1080 1550 1110; x_wconf 84' lang='lat' dir='ltr'>sed</span> <span class='ocrx_word' id='word_1_320' title='bbox 1569 1080 1653 1110; x_wconf 86' lang='lat' dir='ltr'>mili-</span> 
     </span>
     <span class='ocr_line' id='line_1_40' title="bbox 1494 1123 1699 1159; baseline 0.015 -7"><span class='ocrx_word' id='word_1_321' title='bbox 1494 1128 1572 1159; x_wconf 90' lang='lat' dir='ltr'><strong>tum,</strong></span> <span class='ocrx_word' id='word_1_322' title='bbox 1584 1123 1699 1154; x_wconf 78' lang='lat' dir='ltr'>infecta</span> 
     </span>
     <span class='ocr_line' id='line_1_41' title="bbox 1495 1167 1671 1198; baseline 0.011 -3"><span class='ocrx_word' id='word_1_323' title='bbox 1495 1176 1528 1196; x_wconf 85' lang='lat' dir='ltr'>te</span> <span class='ocrx_word' id='word_1_324' title='bbox 1543 1167 1671 1198; x_wconf 83' lang='lat' dir='ltr'><strong>abeunt.</strong></span> 
     </span>
    </p>
   </div>
  </div>
 </body>
</html>
