1836 3156
678 113 902 146 INDEX.

139 208 208 236 154.
222 202 360 244 potentia
374 202 441 243 ejus
453 199 538 240 apud
562 198 705 236 Darium,
729 198 780 231 vii.

100 291 232 330 Atramy
235 289 327 320 ttium
341 289 415 318 urbs
428 286 478 316 vii.
493 289 544 316 42.

102 333 230 367 Atridae,
248 332 298 361 vii.
312 334 361 361 20

102 376 274 415 Attaginus
295 372 501 404 Mardonium
515 370 656 401 convivio
671 369 784 409 excipit

145 418 268 452 Thebis,
290 416 333 446 111.
354 420 404 446 15.
419 425 492 445 eum
514 414 571 444 sibi
592 413 663 443 dedi
677 413 788 442 volunt

145 459 250 491 Graeci
263 459 400 493 victores,
424 458 465 488 ix.
488 461 539 488 86.
560 457 625 496 ipse
638 455 786 496 profugit,

146 503 187 532 ix.
200 506 251 532 88.

102 545 219 580 Attica,
229 546 294 575 vide
299 550 368 583 post
383 543 516 573 Athenae
527 548 558 572 et
570 540 784 572 Athenienses.

103 588 186 627 Atys
202 588 300 617 Croesi
323 586 416 621 filius,
442 585 620 616 adolescens
642 583 786 621 eximius,

142 630 166 660 i.
182 634 233 661 54·
246 633 298 660 55.
313 629 547 669 ejusinteritus‚
562 628 582 657 i
601 631 651 657 45.

102 672 192 713 Atys,
212 672 374 712 Lydorum
391 681 452 706 rex,
472 670 579 701 Manis
593 670 685 705 filius,
704 669 788 710 Lydi

143 721 175 746 et
192 715 344 756 Tyrrheni
358 720 452 753 pater,
476 713 497 743 i.
512 717 607 744 ’“,94,
621 712 671 742 vii.
686 715 736 744 74.

103 758 260 789 Auchatae
277 757 461 797 Scytharum
476 766 584 796 genus,
608 755 647 785 iv.
662 759 692 785 6.

103 801 208 831 Auras
232 806 263 830 et
285 799 376 829 Atlas
401 799 488 829 fluvii
508 809 546 829 ex
570 797 679 828 Haemi
704 797 792 839 jugis

144 843 284 873 fluentes
307 842 347 873 iv.
360 846 411 873 49.

107 886 187 916 Auri
210 886 359 925 majorem
383 890 504 924 partem
527 883 686 925 quomodo
716 883 790 914 Indi

146 929 205 959 sibi
227 934 407 967 comparent
433 938 450 957 a
474 927 618 963 formicis,
652 926 693 956 iii.
721 930 791 956 102.

146 975 218 1002 105.
236 974 306 1001 104.
323 974 393 1002 105.
408 970 582 1000 aurifodina
592 970 789 1005 Thasiorum,

146 1014 187 1043 vi.
207 1018 259 1043 46.
280 1013 348 1042 auri
370 1023 485 1053 magna
507 1012 596 1051 copia
610 1012 643 1041 in
669 1018 793 1051 septen-

146 1056 331 1086 trionalibus
353 1055 491 1094 Europae
511 1055 619 1095 plagiS,
648 1054 690 1084 iii.
722 1057 790 1085 116.

144 1098 215 1129 auri
229 1104 370 1128 ramenta
384 1108 402 1128 e
418 1098 541 1134 Tmolo,
558 1097 578 1127 i.
595 1101 644 1129 95.
660 1097 728 1126 auri
742 1107 790 1126 ra-

147 1147 254 1171 menta
268 1151 286 1171 e
309 1140 447 1181 quodam
468 1140 540 1170 lacu
566 1146 603 1170 ut
626 1139 761 1179 virgines
774 1150 792 1169 e

146 1184 223 1214 limo
237 1185 413 1218 extrahunt,
436 1183 476 1213 iv.
493 1185 562 1214 195.
576 1183 644 1213 auri
658 1183 791 1212 immen-

146 1237 182 1257 sa
196 1226 242 1257 vis
255 1237 273 1257 a
292 1227 384 1266 Gyge
398 1225 530 1265 Delphis
539 1226 638 1256 dicata
649 1226 791 1255 nomina-

149 1276 204 1300 tur
218 1269 373 1310 Gygadns,
386 1270 407 1298 i.
425 1273 474 1299 14.
490 1279 528 1298 ex
537 1279 614 1299 auro
625 1274 656 1298 et
665 1274 794 1308 argento

149 1312 206 1343 ubi
220 1312 358 1351 primum
372 1311 509 1351 percussi
537 1311 668 1341 nummi.
690 1311 713 1340 i.
741 1314 792 1342 94.

149 1355 219 1385 auri
244 1356 348 1385 creber
362 1365 445 1390 usus,
469 1354 503 1383 in
518 1355 611 1384 armis
632 1360 663 1384 et
683 1359 797 1384 ornatu

149 1407 304 1438 equorum
329 1397 413 1437 apud
442 1398 643 1437 Massagetas,
676 1396 695 1426 i.
726 1399 798 1427 215.

149 1451 227 1471 auro
249 1446 280 1470 et
304 1446 433 1480 argento
451 1440 600 1470 constrati
620 1439 702 1474 lecti,
724 1444 793 1468 ten-

146 1484 291 1524 toriaque
319 1483 431 1513 referta
465 1483 499 1513 in
534 1482 671 1512 exercitu
708 1482 794 1512 Pers.

152 1525 321 1561 Mardomi,
344 1526 385 1556 ix.
401 1529 453 1556 80.
467 1536 544 1555 auro
558 1531 704 1555 oneratus
720 1524 796 1554 Alc-

152 1578 264 1602 maeon.
287 1569 327 1598 vi.
354 1571 423 1600 125.
445 1578 560 1598 aurum
580 1578 703 1598 sacrum
721 1568 796 1607 Scy-

150 1612 285 1647 tharum,
309 1611 349 1641 iv.
362 1614 391 1643 7.
420 1620 497 1642 auro
518 1621 635 1641 merces
656 1616 693 1640 ut
707 1619 793 1640 com-

152 1660 278 1684 mutant
304 1655 576 1695 Carthaginienses
597 1663 671 1683 cum
697 1652 792 1688 Afris,

151 1696 190 1726 iv.
211 1701 279 1728 196.
293 1707 407 1728 aurum
427 1696 482 1726 vili
504 1701 682 1726 mercantur
705 1694 797 1735 AEgi-

153 1745 236 1769 netae
250 1750 269 1769 a
283 1740 376 1770 servis
392 1740 508 1770 Laced.
521 1739 564 1769 ix.
581 1742 634 1769 80.
646 1737 715 1768 auri
728 1738 796 1767 the-

154 1782 325 1812 saurismus
339 1792 451 1822 regum
468 1782 575 1812 Pers.¹
568 1782 609 1811 111.
626 1785 676 1813 96.

113 1826 241 1856 Aureus
249 1825 344 1863 tripes
357 1824 442 1864 apud
454 1825 609 1864 Delphos,
621 1824 662 1854 ix.
678 1826 727 1853 81.
743 1833 799 1854 au-

153 1878 207 1898 rea
220 1867 324 1907 phiala
337 1868 372 1897 in
389 1867 492 1897 balteo
515 1867 674 1902 Herculis,
697 1866 737 1896 iv.
752 1871 800 1897 10.

154 1912 243 1941 aurei
258 1916 392 1941 crateres
407 1916 437 1940 et
451 1910 571 1949 phialae,
601 1916 632 1940 et
653 1909 714 1939 alia
728 1920 800 1939 vasa

153 1953 276 1993 potoria
310 1959 366 1985 etc.
397 1952 430 1982 in
458 1953 627 1983 Persarum
662 1952 801 1982 exercitu

156 1995 330 2033 Mardonii,
345 1996 387 2026 ix.
401 1999 451 2026 80.
465 2005 559 2026 aurea
572 1994 686 2035 pocula
699 1994 803 2025 oblata

156 2039 215 2069 sibi
238 2038 424 2070 Cleomenes
443 2044 565 2069 recusat
587 2039 735 2077 accipere,
759 2037 803 2067 iii.

157 2084 227 2112 148.
248 2091 380 2112 aureum
394 2087 540 2117 aratrum,
563 2081 687 2121 jugum,
711 2090 800 2111 secu-

155 2125 207 2161 ris,
231 2130 263 2154 et
276 2124 387 2164 phiala,
410 2124 488 2155 coelo
510 2123 637 2163 delapsa
664 2124 698 2153 in
725 2125 800 2163 Scy-

157 2167 266 2202 thiam,
289 2167 330 2198 iv.
352 2170 380 2198 5.
405 2177 507 2197 aureae
537 2166 703 2206 compedes
734 2167 797 2196 De-

155 2210 277 2240 mocedi
292 2210 424 2246 donatae,
446 2210 488 2240 iii.
507 2213 574 2240 150.
597 2220 699 2240 aureae
714 2219 799 2240 com-

155 2252 250 2292 pedes
273 2253 358 2292 apud
385 2253 556 2292 AEthiopes,
581 2253 623 2282 iii.
647 2256 696 2282 25.
709 2262 804 2283 aurea

158 2295 295 2331 metalla,
328 2296 370 2326 ix.
396 2298 447 2327 75.
471 2305 566 2326 aurea
594 2295 740 2334 platanus
767 2305 803 2325 ac

158 2338 237 2373 vitis,
266 2338 318 2369 vii.
347 2342 398 2370 27.
420 2348 532 2369 aurosa
555 2348 657 2375 arena,
688 2348 759 2380 quae
784 2348 803 2368 a

154 2380 292 2412 formicis
305 2381 450 2422 egeritur,
466 2381 507 2411 111.
521 2385 591 2412 102.

123 2424 222 2455 Aures
232 2424 411 2455 hominibus
419 2424 519 2465 magis
528 2423 697 2454 incredulae
707 2433 803 2464 quam

158 2466 250 2502 oculi,
284 2467 305 2497 i.
332 2471 360 2497 8.
384 2477 475 2497 aures
500 2467 682 2508 ignominiae
710 2477 804 2496 causa

160 2509 305 2548 praecisae,
327 2509 360 2540 ii.
386 2514 455 2541 162.
478 2509 522 2540 111.
546 2514 598 2541 69.
621 2512 691 2540 118.
712 2519 804 2539 aures

161 2552 218 2582 sibi
230 2551 368 2591 praecidit
385 2553 533 2592 Zopyrus,
555 2552 598 2582 iii.
615 2555 684 2583 154.
698 2551 732 2582 in
746 2562 802 2583 au-

160 2595 247 2625 ribus
261 2595 402 2625 animum
416 2595 561 2630 habitare,
583 2595 636 2626 vii.
648 2598 700 2627 59.

122 2638 283 2669 Auschisae
301 2638 382 2673 Afri,
405 2638 444 2668 iv.
461 2641 530 2669 171.

124 2683 293 2716 Ausenses,
306 2681 346 2710 iv.
365 2684 432 2711 180.
447 2687 588 2716 aratores,
611 2681 649 2711 iv.
670 2685 741 2713 191.

126 2724 243 2754 Auster
264 2723 510 2762 pluviosissimus
546 2729 665 2760 ventus,
703 2724 734 2754 ii.
756 2726 807 2754 25.

166 2766 290 2806 Psyllos
321 2772 429 2797 contra
465 2777 498 2796 se
535 2767 688 2798 bellantes
714 2777 808 2797 arena

163 2809 276 2844 obruit,
298 2809 337 2839 iv.
356 2813 423 2840 175.

123 2852 279 2882 Autesion
295 2852 453 2883 Tisameni
478 2852 519 2882 fil.
544 2852 582 2882 iv.
611 2855 680 2884 147.
702 2853 739 2885 vi.
755 2857 806 2886 52.

125 2894 301 2929 Autodicus
317 2894 441 2929 Cleadis
454 2901 550 2938 pater,
572 2895 614 2928 ix.
629 2899 680 2929 85.

1458 121 1495 149 15

827 201 1067 244 Automoliqui,
1092 204 1124 234 ii.
1138 207 1191 235 50.

826 243 999 276 Autonous
1014 253 1045 277 et
1069 246 1226 287 Phylacus
1248 246 1366 283 heroes,
1388 256 1514 277 eorum

869 297 931 326 que
946 288 1026 324 fana,
1051 289 1114 319 viii.
1122 293 1174 321 59.

829 328 977 361 Auxesiae
992 337 1022 361 et
1040 331 1164 362 Damiae
1173 331 1345 368 simulacra,
1359 341 1387 362 v.
1399 335 1448 362 82.
1462 335 1514 362 85.

829 371 932 403 Axius
948 373 1071 409 fluvius,
1094 374 1144 404 vii.
1162 379 1233 405 125.

834 414 925 446 Axus
943 417 1044 447 Cretae
1059 417 1218 456 oppidum,
1241 416 1280 446 iv.
1297 419 1367 448 154.

833 457 957 489 Azanes
970 460 1068 489 Artaei
1080 459 1122 490 fil.
1134 460 1311 509 Sogdorum
1319 459 1393 496 dux,
1408 458 1459 490 vii.
1467 463 1518 491 66.

834 499 924 531 Azen
942 502 1114 541 Laphanes‚
1139 503 1180 533 vi.
1197 506 1266 533 1-27.

833 542 941 580 Aziris,
967 555 986 574 a
1003 545 1162 584 Cyrenaeis
1175 545 1319 581 habitata,
1343 545 1382 575 iv.
1399 547 1471 576 169.

834 585 938 617 Aziris
951 587 1062 622 insula,
1086 588 1126 617 iv.
1142 591 1191 618 15.

833 627 958 664 Azotos,
994 629 1090 670 Syriae
1119 632 1201 666 urbs,
1236 629 1408 660 diutissime
1437 629 1517 659 inter

875 682 982 703 omnes
997 672 1189 705 obsidionem
1203 672 1359 710 sustinuit,
1380 672 1412 703 ii.
1429 673 1500 704 157.

1155 782 1186 813 B

835 883 979 923 Babylon
992 883 1066 914 urbs
1087 882 1231 913 celeberr.
1252 887 1284 912 et
1304 880 1436 912 validiss.
1461 880 1522 911 As-

876 926 973 966 syriae,
986 926 1007 956 i.
1026 928 1095 956 178.
1110 926 1177 965 ejus
1187 925 1265 955 situs
1279 930 1311 954 et
1324 923 1520 964 magnitudo,

875 969 952 999 ibid.
968 969 1035 1008 ejus
1049 973 1293 1007 centumportae,
1308 967 1329 997 i.
1342 970 1522 998 179111011-

875 1018 986 1047 tructa,
1010 1011 1030 1041 i.
1047 1014 1117 1043 179.
1134 1014 1203 1041 180.
1227 1013 1298 1040 181.
1318 1016 1373 1040 etc.
1387 1009 1442 1039 ubi
1455 1009 1523 1049 ejus

878 1054 1050 1103 descriptiO.
1079 1053 1181 1092 primo
1209 1058 1299 1092 capta
1327 1062 1346 1082 a
1373 1052 1464 1092 Cyro,
1499 1050 1522 1080 i.

881 1101 950 1129 191.
965 1098 1032 1137 ejus
1046 1096 1196 1135 potentia,
1219 1106 1281 1136 qua
1295 1095 1419 1126 tertiam
1435 1093 1522 1124 Asiae

877 1146 998 1180 partem
1019 1146 1130 1180 aequat,
1153 1139 1174 1169 i.
1191 1142 1260 1170 192.
1282 1138 1349 1178 ejus
1370 1137 1523 1177 principa-

878 1190 930 1213 tus
945 1183 1007 1212 sive
1021 1182 1154 1221 satrapia
1173 1182 1269 1221 longe
1283 1180 1426 1214 maxima,
1449 1178 1525 1209 ibid.

879 1225 1017 1256 secundo
1039 1231 1130 1264 capta
1150 1235 1169 1254 a
1196 1224 1295 1255 Dario
1317 1228 1388 1263 post
1400 1222 1523 1252 diutur-

879 1278 954 1298 nam
967 1267 1169 1303 obsidionem,
1193 1267 1237 1297 iii.
1264 1270 1333 1297 158.
1356 1267 1424 1306 ejus
1443 1264 1526 1294 muri

881 1318 912 1342 et
927 1317 1023 1350 portae
1039 1310 1176 1351 dejectae,
1191 1309 1234 1339 iii.
1247 1313 1314 1341 159.
1332 1307 1523 1348 Babylonio-

881 1364 954 1384 rum
968 1353 1061 1394 leges,
1085 1353 1105 1382 i.
1132 1357 1201 1384 196.
1230 1355 1298 1384 198.
1324 1355 1393 1383 199.
1416 1359 1525 1380 eorum

883 1397 1016 1427 amiotus
1031 1402 1062 1426 et
1082 1395 1195 1430 cultus,
1218 1395 1238 1425 i.
1258 1398 1326 1426 195.
1343 1403 1452 1424 00111111
1467 1403 1522 1422 na-

877 1439 969 1480 vigia,
992 1439 1012 1468 i.
1029 1442 1100 1470 194.
1114 1438 1256 1478 sepulcra
1270 1443 1302 1468 et
1313 1436 1419 1467 luctus
1431 1436 1524 1465 sune-

877 1484 956 1516 bres,
973 1481 993 1512 i.
1011 1484 1080 1513 198.
1094 1490 1168 1512 cum
1182 1480 1365 1511 mulieribus
1378 1477 1528 1508 miscendi

881 1524 984 1555 foedus
996 1533 1073 1561 mos,
1096 1524 1117 1554 i.
1141 1527 1210 1555 199.
1225 1533 1335 1554 eorum
1354 1528 1417 1552 tres
1431 1521 1530 1552 tribus

884 1567 974 1598 nullo
996 1566 1058 1597 alio
1081 1566 1141 1597 11151
1167 1566 1302 1605 piscibus
1322 1565 1471 1600 victitant,
1506 1564 1525 1594 i.

881 1615 953 1641 200.
976 1620 995 1640 a
1011 1609 1195 1649 Babyloniis
1222 1609 1326 1639 Graeci
1348 1619 1419 1650 quae
1440 1616 1527 1637 acce-

878 1653 989 1693 perint,
1005 1652 1037 1683 ii.
1050 1656 1120 1684 109.
1135 1662 1245 1683 eorum
1256 1662 1332 1682 cura
1339 1661 1413 1691 erga
1427 1660 1526 1691 aegro-

882 1696 983 1732 tos‚i.
1007 1699 1076 1727 197.
1101 1705 1211 1725 eorum
1232 1694 1350 1724 ablutio
1371 1698 1441 1733 post
1462 1691 1526 1723 001

882 1744 961 1772 tum,
984 1738 1004 1769 i.
1021 1741 1092 1769 198.
1103 1747 1214 1768 eorum
1235 1737 1336 1767 foedus
1351 1746 1425 1767 cum
1443 1736 1528 1766 Croe-

883 1791 918 1811 so
936 1781 1060 1816 initum,
1084 1780 1103 1811 i.
1128 1784 1178 1812 77.
1207 1790 1317 1810 eorum
1342 1789 1416 1810 cum
1443 1779 1527 1818 Cyro

884 1824 1048 1855 conflictus
1062 1829 1093 1853 et
1114 1823 1201 1864 fuga.
1226 1825 1244 1852 i.
1264 1827 1333 1854 190.
1354 1831 1464 1852 eorum
1478 1831 1525 1851 re-

883 1866 978 1897 bellio
991 1867 1050 1896 sub
1074 1866 1174 1897 Dario
1187 1866 1288 1906 adque
1302 1865 1421 1895 bellum
1436 1874 1529 1904 appa-

884 1915 982 1947 ratus,
996 1909 1028 1939 ii.
1047 1912 1116 1940 150.
1129 1908 1310 1939 obsidentur
1320 1908 1383 1944 diu,
1400 1907 1442 1937 iii.
1460 1910 1530 1937 151.

886 1958 941 1983 etc.
955 1951 1102 1982 mulieres
1122 1951 1319 1991 strangulant
1339 1951 1404 1980 fere
1418 1960 1528 1980 omnes

886 2005 927 2024 ne
938 2004 1005 2025 rem
1018 1994 1255 2026 frumentariam
1266 1995 1460 2024 obsessorum
1475 1993 1528 2021 ab-

887 2043 1022 2073 sumant,
1054 2037 1096 2067 iii.
1123 2041 1191 2068 151.
1215 2046 1325 2067 eorum
1349 2035 1408 2066 tria
1431 2034 1530 2065 millia

884 2080 1033 2120 patibulis
1047 2080 1147 2116 affixa,
1169 2079 1212 2110 iii.
1228 2083 1298 2111 159.

847 2123 1019 2164 Babylonis
1032 2123 1149 2164 reginae
1163 2123 1235 2154 duae
1255 2122 1400 2163 insignes,
1423 2121 1444 2151 i.
1461 2123 1528 2151 184.

846 2209 1112 2250 Babylonicarum
1118 2209 1283 2258 virginum
1297 2206 1408 2243 auctio,
1424 2206 1445 2236 i.
1462 2209 1531 2237 196.

847 2252 1048 2293 Babylonicae
1061 2252 1197 2292 regionis
1209 2251 1358 2285 feracitas,
1382 2249 1402 2279 i.
1419 2253 1489 2280 195.

848 2295 1079 2335 Babylonicum
1092 2295 1247 2325 talentum
1266 2293 1344 2334 quid
1358 2292 1467 2328 valeat,
1490 2291 1533 2321 iii.

848 2359 1001 2417 Bacchus,
1018 2381 1148 2421 AEgypt.
1164 2379 1294 2416 Osiris‚’
1285 2378 1317 2409 11.
1328 2382 1378 2409 42.
1393 2377 1460 2418 ejus
1474 2377 1534 2406 fes-

886 2430 964 2459 tum,
980 2433 1074 2459 sacra,
1091 2422 1195 2462 phalli,
1219 2422 1238 2453 i.
1256 2426 1325 2452 150.
1338 2421 1370 2451 ii.
1386 2424 1436 2451 48.
1451 2423 1501 2450 49.

848 2466 1057 2498 Bacchanalia
1073 2467 1194 2506 Scythae
1216 2475 1273 2496 cur
1285 2464 1468 2504 improbent,
1489 2461 1530 2492 iv.

849 2531 1078 2584 Bacc'hantium
1091 2560 1160 2588 vox,
1184 2551 1246 2582 viii.
1260 2553 1311 2582 65.

850 2597 1004 2627 Bacchica
1018 2602 1049 2625 et
1065 2595 1209 2634 Orphica,
1233 2594 1264 2624 ii.
1277 2597 1330 2624 81.
1343 2593 1383 2623 iv.
1398 2595 1449 2623 79.

851 2639 1035 2669 Bacchiadae
1049 2638 1134 2677 apud
1150 2636 1335 2672 Corinthios,
1358 2646 1387 2665 v.
1402 2638 1452 2666 92.

851 2682 976 2712 Baccho
990 2681 1055 2711 dati
1068 2680 1160 2717 chori,
1184 2691 1212 2710 v.
1227 2683 1278 2711 67.

853 2724 977 2754 Bacidis
992 2725 1165 2758 oraculum,
1188 2723 1249 2752 viii.
1266 2725 1315 2752 20.
1331 2723 1380 2752 77.
1404 2725 1454 2753 96.

851 2767 970 2798 Bactrii
983 2767 1016 2796 in
1033 2766 1145 2796 Xerxis
1156 2765 1292 2796 exercitu
1306 2764 1483 2798 militantes,
1499 2768 1531 2794 et

892 2820 1001 2840 eorum
1015 2809 1079 2839 dux
1104 2814 1135 2839 et
1156 2814 1320 2844 armatura,
1343 2807 1395 2837 vii.
1416 2810 1466 2838 64.
1481 2815 1533 2836 eo-

889 2863 961 2882 rum
976 2853 1105 2893 equites.
1125 2851 1198 2882 ibid.
1214 2855 1263 2882 86.

851 2896 1018 2928 Bactriana
1035 2894 1127 2933 natio,
1151 2895 1170 2926 i.
1188 2898 1257 2927 155.
1270 2894 1313 2925 111.
1328 2896 1378 2926 92.
