1836 3156
522 171 882 221 URANIA
918 170 1067 219 VIII.
1383 177 1477 224 267

134 308 230 362 θαι,
255 304 429 368 ὁκότερον
453 305 604 359 ποιησει
639 304 820 351 τουτέων.
860 305 911 356 ὦς
935 302 975 350 δὲ
1000 300 1229 349 ἐξουλεύετο
1251 301 1349 366 οἶμα
1375 305 1478 368 Περ-

133 381 224 429 σέων
247 386 346 428 τοῖσι
371 382 646 438 ἐπικλήτοισι,
672 380 773 436 ἔδοξέ
797 381 838 426 οἱ
853 378 930 426 καὶ
950 379 1214 443 Ἀρτεμισίην
1237 381 1275 433 ἐς
1297 377 1478 443 συμὲου-

78 466 107 505 5
131 458 216 512 λιήν
239 456 637 520 μεταπέμψασθαι,
676 456 737 504 ὅτι
761 455 942 520 πρότερον
967 456 1146 515 ἐφαίνετο
1168 457 1292 519 μούνη
1316 457 1478 504 νοέουσα

134 534 191 582 τοὶ
214 534 383 589 ποιητέα
407 533 460 588 ἧν.
501 536 550 587 ὡς
574 534 613 581 δὲ
637 534 812 581 ἀπίκετο
851 535 890 587 ἡ
914 534 1172 596 Ἀρτεμισίη,
1214 535 1478 596 μεταστησά-

129 630 244 675 μενος
267 610 362 663 τούς
384 610 552 666 ἄλλους,
577 611 671 664 τούς
709 629 752 658 τε
776 608 1034 673 συμὲούλους
1060 610 1236 673 Περσέων
1273 610 1348 657 καὶ
1385 609 1480 663 τούς

131 687 375 752 δορυφόρους,
401 688 504 744 ἔλεξε
531 688 681 752 Ξέρξης
715 688 830 735 τάδε·
875 694 905 714 “
934 686 1096 734 Κελεύει
1137 705 1189 749 με
1233 687 1477 751 Μαρδόνιος,

133 770 163 793 “
188 765 358 828 μένοντα
383 766 530 824 αὐτοῦ,
568 767 779 830 πειρᾶσθαι
817 769 887 819 τῆς
910 765 1231 818 Πελοποννησον·
1265 765 1393 824 λέγων
1430 766 1481 818 ὥς

46 849 107 888 10
130 847 161 870 “
183 860 254 904 μοι
294 841 449 905 Πέρσαι
489 861 533 889 τε
567 841 642 888 καὶ
677 842 697 887 ὁ
733 841 851 903 πεζὸς
891 840 1064 906 στρατὸς
1104 839 1253 895 οὐδενος
1275 841 1481 904 μεταίτιοι

132 924 163 945 “
185 917 346 970 πάθεός
369 919 453 973 εἰσι,
478 917 596 964 ἀλλοὶ
619 919 906 982 βουλομένοισί
940 931 1010 977 σφι
1035 917 1176 978 γένοιτ’
1204 917 1252 964 ἂν
1276 917 1480 973 ἀπόδεξις.

134 1001 161 1022 “
186 993 255 1057 ἐμὲ
278 993 326 1040 ὧν
351 995 373 1047 ἢ
397 999 539 1041 ταῦτα
561 995 713 1042 κελεύει
737 995 892 1052 ποιέειν,
919 996 941 1048 ἢ
967 994 1092 1048 αὐτὸς
1115 995 1244 1042 ἐθέλει
1269 996 1481 1059 τριήκοντα

131 1078 161 1100 “
183 1071 388 1135 μυριάδας
427 1071 728 1135 ἀπολεξάμενος
773 1077 848 1119 τοῦ
898 1077 1091 1136 στρατοῦ,
1138 1077 1365 1136 παρασχεῖν
1410 1091 1482 1136 μοι

134 1154 163 1176 “
187 1147 254 1201 τὴν
298 1147 496 1194 Ἑλλάδα
535 1148 836 1211 δεδουλωμένην·
873 1148 996 1196 αὐτὸν
1032 1148 1071 1196 δὲ
1105 1149 1158 1211 μὲ
1193 1149 1342 1196 κελεύει
1382 1150 1484 1196 ἀπε-

47 1234 106 1274 15
130 1231 162 1254 “
183 1225 337 1272 λαύνειν
371 1224 440 1271 σὸν
474 1229 533 1287 τῷ
578 1229 710 1288 λοιπῷ
745 1231 906 1288 στρατῷ
941 1227 978 1279 ἐς
1012 1226 1121 1279 ἤθεα
1156 1224 1213 1272 τοὶ
1249 1227 1347 1289 ἐμά.
1421 1226 1483 1274 Σι)

132 1307 161 1330 “
185 1300 232 1348 ω””ν
266 1299 369 1364 ἐμοὶ,
403 1299 480 1347 καὶ
512 1299 595 1364 γοὶρ
622 1300 709 1364 περὶ
731 1304 802 1354 τῆς
827 1301 1062 1363 ναυμαχίης
1102 1301 1144 1348 εὖ
1168 1300 1485 1354 συνεὲούλευσας

131 1386 161 1408 “
185 1383 256 1433 τῆς
273 1379 492 1442 γενομένης,
517 1380 592 1425 οὐκ
616 1380 720 1425 ἐῶσα
755 1378 984 1434 ποιέεσθαι,
1012 1383 1074 1425 νῦν
1097 1398 1140 1425 τε
1165 1377 1480 1441 συμζούλευσον,

132 1464 158 1485 “
183 1455 349 1519 ὁκότερα
390 1455 527 1502 ποιέων
579 1454 763 1515 ἐπιτύχω
802 1453 846 1501 εὖ
890 1455 1254 1518 βουλευσάμενος.”
1309 1457 1371 1502 Ὁ
1410 1455 1482 1518 μὲν

137 1538 165 1560 “
188 1536 331 1578 ταῦτα
356 1529 671 1578 συνεὲουλεύετο.

201 1625 286 1656 CII.
312 1610 377 1656 ‘H
414 1607 453 1654 δε
490 1608 600 1668 λέγει
632 1608 747 1655 τάδε·
783 1613 815 1636 “
840 1610 1044 1666 Βασιλεῖ),
1069 1607 1256 1669 χαλεπον
1291 1610 1363 1672 μέν
1399 1611 1482 1657 ἐστι
1509 1624 1585 1665 quid
1610 1633 1716 1654 suase-

133 1694 162 1716 “
185 1685 545 1750 συμὲουλευομένῳ
582 1691 719 1747 τυχεῖν
757 1706 814 1733 τα
845 1686 994 1751 οἵριστα
1019 1691 1204 1734 είπασαν.
1244 1687 1309 1733 ἐπι
1348 1688 1483 1751 μέντοι
1509 1667 1557 1698 m

134 1771 164 1792 “
187 1769 289 1811 τοῖσι
329 1764 558 1818 κατηκουσι
607 1764 839 1827 πρήγμασι,
889 1763 1012 1810 δοκέει
1059 1782 1130 1826 μοι
1170 1761 1292 1810 αὐτόν
1332 1763 1404 1827 μὲν
1444 1764 1484 1811 σὲ

135 1849 165 1870 “
188 1840 428 1888 ἀπελαύνειν
462 1841 604 1888 ὀπίσω·
647 1840 873 1904 Μαρδόνιον
908 1839 962 1896 δὲ,
997 1842 1029 1887 εἰ
1066 1841 1195 1887 ἐθέλει
1220 1860 1264 1888 τε
1287 1840 1361 1888 καὶ
1387 1841 1487 1888 ὑπο-

137 1926 165 1947 ‘⁶
189 1918 349 1966 δέκεται
388 1922 547 1965 ταῦτα
571 1936 756 1973 ποιησειν,
806 1918 938 1964 αὐτοῦ
975 1923 1223 1965 καταλιπεῖν
1271 1917 1340 1965 σῦν
1384 1924 1486 1965 τοῖσι

138 2003 167 2025 “
192 1995 337 2044 ἐθέλει.
379 1999 501 2042 τοῦτο
534 2014 605 2058 μεν
640 2014 735 2088 γαρ,
772 1994 812 2048 ἢν
835 1995 1189 2059 καταστρέψηται
1213 1997 1270 2043 τά
1294 2008 1386 2056 φησι
1413 1996 1488 2043 ἐθέ-

139 2081 168 2102 “
189 2083 283 2129 λειν,
319 2073 401 2120 καί
446 2091 481 2119 οι
531 2091 763 2136 προχωρηση
796 2070 853 2118 τοὶ
888 2073 992 2119 νοέων
1024 2072 1149 2133 λέγει,
1185 2091 1249 2119 σον
1283 2092 1330 2120 το
1365 2073 1488 2137 ἔργον,

137 2157 166 2179 “
189 2150 219 2196 ω
254 2150 450 2206 δέσποτα,
491 2150 664 2211 γί·νεται
701 2151 742 2196 οἱ
776 2169 858 2214 γαρ
893 2168 952 2196 σοι
989 2150 1123 2197 δοῦλοι
1157 2152 1487 2215 κατεργάσαντο.

138 2237 166 2259 “
189 2234 311 2277 τοῦτο
349 2228 403 2286 δὲ,
445 2229 486 2283 ἣν
525 2227 583 2276 τοὶ
621 2228 779 2276 ἐναντία
819 2232 890 2282 τῆς
930 2229 1162 2292 Μαρδονίου
1187 2230 1346 2292 γνώμης
1380 2230 1490 2290 γένη-

56 2315 117 2355 10
140 2314 170 2336 “
193 2326 281 2363 ται,
319 2306 482 2370 οὐδεμίη
524 2305 706 2370 συμφορὴ
745 2306 914 2369 μεγάλη
949 2305 1079 2362 ἐ’σται,
1106 2305 1170 2352 σέο
1194 2325 1238 2353 τε
1262 2305 1489 2370 περιεόντος,

140 2392 167 2413 “
188 2383 265 2431 καὶ
287 2384 434 2432 ἐκείνων
457 2389 532 2431 τῶν
555 2384 807 2448 πρηγμάτων
830 2381 918 2447 περὶ
935 2383 1038 2429 οἷκον
1062 2382 1128 2430 τᾶν
1152 2382 1231 2430 σόν.
1269 2383 1310 2437 ἢν
1334 2382 1417 2447 γάρ
1440 2381 1491 2430 σύ

139 2469 167 2490 “
192 2480 236 2509 τε
272 2464 419 2525 περιῇς,
453 2461 528 2508 καὶ
568 2461 674 2514 οἶκος
712 2460 733 2506 ὁ
771 2459 851 2516 σὸς,
880 2459 1061 2513 πολλοὺς
1092 2461 1298 2513 πολλάκις
1329 2461 1492 2521 ἀγῶνας

145 2545 173 2566 “
199 2538 439 2602 δραμέονται
459 2537 545 2602 περὶ
568 2538 690 2596 σφέων
715 2537 864 2585 αὐτέων
878 2537 1139 2592 οι“Έλληνες.
1178 2536 1409 2601 Μαρδονίου
1434 2537 1490 2595 δὲ,

147 2623 176 2644 “
201 2616 240 2669 ἦν
278 2636 319 2663 τι
359 2617 497 2680 πάθῃ,
528 2615 652 2676 λόγος
689 2614 811 2668 οὐδεὶς
847 2615 1016 2676 γίνεται·
1050 2615 1137 2663 οὐδέ
1170 2634 1225 2671 τι,
1250 2618 1426 2668 νικῶντες
1459 2617 1501 2662 οἱ

65 2702 124 2742 15
149 2700 175 2722 “
193 2693 405 2751 ”Ελληνες,
432 2697 576 2749 νικῶσι,
601 2693 740 2741 δοῦλον
762 2691 826 2740 σὸν
851 2692 1138 2746 ἀπολέσαντες.
1159 2691 1209 2739 σι)
1235 2690 1287 2748 δὲ,
1311 2696 1386 2738 τῶν
1409 2691 1496 2739 εἵνε·

149 2776 180 2800 “
203 2790 263 2818 κα
284 2769 351 2818 τὸν
375 2770 516 2819 στόλον
540 2769 723 2828 ἐποιήσω,
747 2771 935 2836 πυρώσας
958 2768 1035 2823 τοὶς
1066 2767 1265 2824 Ἀθήνας
1287 2768 1494 2834 ἀπελᾷς.”
