1836 3156
486 183 851 232 URANIA
895 183 1040 231 VIII.
1361 189 1453 230 253

125 321 152 343 ‘⁶
174 315 217 367 ἢν
239 312 310 377 μὲν
348 311 407 376 μὴ
448 314 645 378 ἐπειχθῇς
685 315 914 378 ναυμαχίην
954 313 1193 375 ποιεύμενος,
1227 311 1344 360 ἀλλοὶ
1379 312 1458 366 τοὶς

124 396 154 418 “
179 394 271 444 νῆας
295 389 425 436 αὐτοῦ
446 389 538 452 ἐ’χης
579 390 673 454 πρδς
696 395 752 454 γῇ
774 391 906 454 μένων,
931 391 952 444 ἢ
975 389 1050 437 καὶ
1072 389 1288 454 προὲαίνων
1319 391 1357 443 ἐς
1389 389 1457 444 τὴν

38 474 102 513 20
127 473 153 494 “
178 465 485 522 Πελοπόννησον,
511 467 702 520 εὐπετέως
736 486 811 523 τοι,
841 467 1035 522 δέσποτα,
1072 468 1236 530 χωρήσει
1273 465 1330 513 τοὶ
1354 466 1458 513 νοέων

124 548 153 571 “
178 544 402 596 ἐλήλυθας.
443 544 488 589 οὐ
512 542 593 607 γοὶρ
617 544 693 590 οἷοί
709 562 752 590 τε
775 542 926 590 πολλὸν
948 545 1080 607 χρόνον
1105 543 1183 589 εἰσί
1199 562 1259 590 τοι
1283 543 1459 603 ἀντέχειν

126 626 154 647 “
176 619 217 665 οἱ
227 619 436 674 ’Έλληνες,
455 620 572 666 ἀλλά
596 632 722 678 σφεας
735 619 967 683 διασκεδᾷς,
993 617 1110 665 κατοὶ
1134 617 1253 670 πόλις
1276 617 1315 664 δὲ
1339 618 1460 664 ἕκασ-

126 702 155 723 “
177 714 238 741 τοι
263 695 485 753 φεύξονται.
524 695 613 742 οὔτε
637 694 718 759 γοὶρ
752 701 858 748 σῖτος
897 696 1013 759 πάρα
1054 695 1164 753 σφίσι
1202 695 1236 740 ἐν
1272 697 1322 756 τῇ
1363 695 1461 756 νήσῳ

126 779 154 800 “
176 772 323 835 ταύτῃ,
350 774 400 824 ὦς
423 772 503 832 ἐγὼ
524 773 791 834 πυνθάνομαι·
826 771 916 818 οὔτε
941 769 1091 823 αὐτοῦς
1114 769 1232 826 οἰκος,
1257 770 1297 823 ἢν
1320 768 1370 816 σι)
1394 768 1461 815 ἐπὶ

38 857 99 897 25
123 856 150 877 “
173 848 242 903 τὴν
266 849 562 903 Πελοπόννησον
601 849 762 911 ἐλαύνῃς
799 847 864 895 τὸν
904 847 1025 911 πεζόν
1061 847 1242 912 στρατόν,
1267 848 1461 910 ἀτρεμιεῖν

126 932 155 954 “
177 925 272 979 τοῦς
311 927 444 973 ἐκεῖθεν
485 926 633 972 αὐτέων
673 926 858 979 ἥκοντας·
900 925 985 972 οὐδέ
1009 937 1079 984 σφι
1102 926 1265 988 μελήσει
1289 923 1364 988 πρὸ
1386 929 1459 978 τῶν

124 1009 151 1030 “
173 1000 408 1055 Ἀθηναίων
432 1001 689 1065 ναυμαχέειν.
751 1002 839 1048 ''Hv
869 1000 908 1048 δὲ
933 1002 1090 1049 αὐτίκα
1137 1003 1335 1065 ἐπειχθῇς
1369 1021 1461 1048 ναυ-

126 1086 155 1107 “
177 1082 386 1142 μαχῆσαι,
429 1078 614 1142 δειμαίνω
647 1078 706 1142 μὴ
749 1078 770 1124 ὁ
809 1078 997 1132 ναυτικὸς
1037 1077 1209 1142 στρατὸς
1239 1077 1458 1134 κακωθεὶς,

126 1163 155 1185 “
177 1156 243 1204 τὸν
267 1155 384 1218 πεζὸν
407 1156 745 1220 προσδηλήσηται.
798 1155 894 1220 πρός
918 1155 970 1211 δὲ,
995 1155 1025 1201 ὦ
1047 1158 1239 1218 βασιλεῦ,
1274 1154 1349 1202 καὶ
1372 1155 1461 1203 τόδε

39 1243 101 1282 30
126 1241 154 1262 “
177 1235 215 1287 ἐς
236 1232 372 1297 θυμόν
394 1236 545 1297 βαλεῦ,
585 1235 635 1287 ὡς
657 1239 757 1280 τοῖσι
781 1232 852 1296 μὲν
888 1238 1090 1297 χρηστοῖσι
1131 1237 1205 1279 τῶν
1244 1233 1461 1296 ἀνθρώπων

126 1318 155 1340 “
176 1310 302 1358 κακοὶ
325 1311 458 1358 δοῦλοι
482 1311 659 1370 φιλέουσι
684 1310 887 1371 γίνεσθαι,
913 1315 1014 1356 τοῖσι
1052 1309 1090 1356 δὲ
1127 1315 1304 1366 κακοῖσι,
1343 1328 1462 1374 χρησ-

126 1395 154 1416 “
177 1388 252 1435 τοί.
286 1387 348 1434 σοὶ
385 1387 442 1445 δὲ,
483 1387 580 1434 ἐόντι
621 1387 769 1450 ἀρίστω
805 1386 945 1450 ἀνδρῶν
983 1387 1154 1441 πάντων,
1180 1384 1305 1431 κακοὶ
1329 1385 1469 1431 δοῦλοί

127 1473 156 1493 “
181 1467 251 1512 εἰσι
276 1464 315 1510 οἳ
335 1465 369 1511 ἐν
392 1465 626 1527 συμμάχων
646 1463 759 1525 λόγῳ
780 1463 970 1523 λέγονται
998 1462 1106 1517 εἶναι,
1145 1461 1267 1515 ἐόντες
1292 1461 1464 1521 Αἰγύπ-

127 1550 156 1570 “
179 1543 264 1589 τιοί
297 1561 340 1588 τε
379 1540 455 1588 καὶ
481 1541 666 1605 Κύπριοι,
703 1540 778 1587 καὶ
804 1540 985 1595 Κίλικες,
1023 1539 1098 1586 καὶ
1122 1540 1369 1602 Πάμφυλοι,
1392 1543 1467 1585 τῶν

43 1628 102 1667 35
130 1626 158 1648 ‘⁶
182 1619 322 1679 ὄφελός
345 1621 428 1666 ἐστι
453 1617 600 1665 οὐδέν.”

195 1712 330 1743 LXIX.
366 1698 525 1742 Ταῦτα
564 1695 760 1755 λεγούσης
795 1695 891 1760 πρὸς
916 1694 1152 1759 Μαρδόνιον,
1178 1694 1258 1741 ὅσοι
1281 1694 1352 1758 μὲν
1376 1694 1469 1742 ἔσαν

129 1773 246 1822 εὔνοοι
285 1776 337 1837 τῇ
373 1772 632 1837 Ἀρτεμισίη,
671 1773 871 1837 συμφορήν
896 1775 1094 1820 ἐποιεῦντο
1117 1772 1212 1826 τούς
1233 1773 1395 1833 λόγους,
1419 1775 1469 1826 ὦς

128 1850 257 1897 κακόν
280 1869 320 1897 τι
344 1849 574 1912 πεισομένης
597 1848 692 1913 πρὸς
715 1853 927 1913 βασιλῆος,
953 1849 1014 1897 ὅτι
1039 1851 1112 1896 οὐκ
1149 1851 1198 1915 ἐᾷ
1239 1849 1470 1913 ναυμαχίην

128 1927 357 1974 ποιέεσθαι·
383 1929 424 1973 οἱ
440 1926 479 1972 δὲ
503 1926 747 1988 ἀγαιόμενοί
764 1945 807 1973 τε
830 1926 906 1973 καὶ
929 1927 1157 1986 φθονέοντες
1180 1928 1300 1990 αὐτῇ,
1324 1928 1401 1974 οἵτε
1435 1929 1470 1974 ἐν

76 2014 104 2052 5
129 2006 316 2069 πρώτοισι
356 2003 617 2066 τετιμημένης
641 2002 708 2049 διοὶ
733 2004 891 2050 πάντων
914 2009 988 2050 τῶν
1011 2005 1258 2067 συμμάχων,
1296 2004 1470 2068 ἐτέρπον-

128 2100 176 2127 το
198 2083 249 2144 τῇ
283 2080 401 2144 κρίσι,
427 2081 477 2133 ὦς
500 2079 769 2142 ἀπολεομένης
791 2081 932 2133 αὐτῆς.
1000 2079 1125 2127 Ἐπεὶ
1165 2079 1204 2127 δὲ
1238 2081 1469 2142 ἀνηνείχθη-

129 2175 203 2205 σαν
239 2158 291 2203 αἱ
323 2161 484 2220 γνῶμαι
522 2157 559 2209 ἐς
583 2156 750 2220 Ξέρξεα,
792 2158 929 2220 κάρτα
969 2176 1012 2204 τε
1035 2157 1143 2211 ἥσθη
1165 2161 1218 2221 τῇ
1241 2158 1379 2221 γνώμη
1401 2161 1472 2210 τῆς

128 2234 410 2298 Ἀρτεμισίης·
435 2233 510 2280 καὶ
533 2234 696 2296 νομίζων
720 2234 777 2280 ἐ’τι
801 2234 981 2299 πρότερον
1004 2235 1222 2289 σπουδαίην
1246 2235 1354 2290 εἶναι,
1379 2233 1470 2281 τότε

129 2314 273 2372 πολλῷ
311 2312 473 2374 μᾶλλον
513 2315 624 2357 αἴνεε.
672 2309 778 2374 ὅμως
801 2310 840 2357 δὲ
863 2317 962 2358 τοῖσι
988 2312 1128 2358 πλέοσι
1152 2312 1365 2359 πείθεσθαι
1389 2311 1470 2358 ἐκέ-

48 2398 107 2437 10
128 2398 217 2436 λευε
241 2389 353 2444 τάδε,
376 2388 616 2443 καταδόξας
639 2387 735 2452 πρὸς
756 2388 827 2451 μὲν
852 2387 1004 2452 Εὐζοίῃ
1027 2389 1153 2449 σφέας
1178 2389 1468 2446 ἐθελοκακέειν,

127 2468 178 2520 ὦς
205 2467 250 2512 οὐ
273 2465 485 2529 παρεόντος
507 2467 649 2512 αὐτοῦ·
688 2464 780 2511 τότε
820 2464 860 2512 δὲ
902 2464 1026 2518 αὐτὸς
1049 2464 1354 2528 παρεσκεύαστο
1377 2466 1470 2519 θεή-

130 2547 280 2591 σασθαι
299 2543 620 2605 ναυμαχέοντας.

197 2637 308 2668 Lxx,
348 2619 519 2673 Ἐπειδὴ
557 2619 596 2666 δὲ
637 2620 923 2683 παρήγγελλον
947 2619 1186 2675 ἀναπλώειν,
1226 2619 1370 2679 ἀνῆγον
1392 2617 1471 2672 τοὶς

132 2702 226 2753 νῆας
264 2696 332 2744 ἐπὶ
369 2696 437 2750 τὴν
463 2695 705 2759 Σαλαμῖνα,
744 2695 818 2742 καὶ
859 2695 1145 2759 παρεκρίθησαν
1177 2695 1473 2756 διαταχθέντες

132 2776 230 2822 κατ’
275 2775 453 2835 ἡσυχίην.
507 2773 600 2822 τότε
621 2774 694 2837 μέν
719 2794 779 2821 νυν
804 2775 876 2821 οὐκ
901 2773 1076 2838 ἐξέχρησέ
1099 2786 1170 2833 σφι
1193 2776 1216 2829 ἦ
1238 2774 1358 2839 ἡμέρη
1381 2795 1474 2823 ναυ-

1493 1726 1602 1757 Nihilo
1623 1727 1682 1757 mi.

1491 1780 1552 1800 nus
1568 1770 1670 1811 sequi-

1492 1823 1545 1843 ore
1564 1812 1695 1843 consilio

1495 1856 1594 1886 Xerxi
1609 1866 1678 1895 pro-

1492 1901 1574 1934 bato,
1596 1899 1672 1929 Per-

1492 1943 1555 1973 sica
1569 1941 1673 1972 classis

1497 1987 1641 2017 Graecam

1494 2036 1682 2070 aggressura,

1497 2642 1686 2675 Salaminem

1494 2697 1600 2717 versus
1624 2695 1696 2727 pro·

1495 2729 1624 2761 vehitur,
