1836 3156
146 2368 328 2397 Graecorum

142 2409 222 2439 acies
237 2419 306 2438 mu-

139 2457 204 2482 tata
230 2452 280 2486 sic,
308 2458 344 2482 ut

143 2494 246 2525 Persis
272 2495 317 2524 A-

141 2536 324 2573 thenienses,

143 2579 344 2610 Lacedaemo-

145 2622 189 2652 nii
215 2623 338 2653 auxiliis

147 2665 307 2695 Mardonii

149 2709 269 2739 Graecis
294 2719 348 2749 op-

147 2758 304 2792 ponantur

355 152 448 191 312
797 140 1275 189 HERODOTI

356 281 387 302 “
410 273 590 335 πόλεμος
612 270 673 319 ὅδε
695 271 813 319 κατοὶ
853 272 931 320 νόον
966 273 1193 335 τελευτὴση,
1227 272 1461 332 μνησθῆναί
1491 290 1581 318 τινα
1620 272 1697 335 χρὴ

357 357 386 378 “
408 349 483 396 καὶ
505 350 603 411 έμεῦ
627 350 887 413 ἐλευθερώσιος
911 349 1010 413 πέρι,
1031 348 1071 402 ὃς
1087 349 1288 402 Ἑλλὴνων
1311 349 1438 396 εἵνεκα
1462 349 1565 396 οὕτω
1589 348 1698 412 ἔργον

357 432 388 455 “
410 424 643 489 παράέολον
667 425 872 488 ἔργασμαι
896 424 977 472 ὑπὸ
1001 424 1248 488 προθυμιής,
1271 424 1415 471 έθέλων
1450 425 1540 488 ὑμῖν
1575 424 1697 478 δηλῶ-

359 509 385 529 “
409 521 478 548 σαι
501 500 568 555 τὴν
593 501 765 548 διάνοιαν
787 501 855 555 τὴν
876 501 1120 565 Μαρδονίου,
1140 501 1203 547 ἵνα
1227 500 1284 562 μὴ
1309 500 1524 547 ἐπιπέσωσι
1549 501 1641 563 ὑμῖν
1664 501 1704 547 οἱ
1723 508 1786 547 20

359 585 386 607 “
409 576 607 642 βάρὲαροι
630 578 688 641 μὴ
713 578 1060 642 προσδεκομένοισί
1077 597 1149 623 κω.
1189 575 1272 639 εἰμὶ
1311 575 1351 623 δέ
1387 576 1656 640 Ἀλέξανδρος
1680 576 1702 622 ὁ

364 663 391 684 “
417 654 658 703 Μακεδών.”
729 658 791 702 ‘O
814 655 898 718 μὲν,
933 660 1075 702 ταῦτα
1116 658 1246 710 εἴπας,
1282 654 1491 707 ἁπὴλαυνε
1515 654 1640 700 ὀπίσω
1664 655 1701 707 ές

363 740 391 762 “
413 733 462 781 τὸ
485 732 752 797 στρατόπεδον
776 732 851 779 καὶ
872 732 940 786 τὴν
976 733 1123 779 ἑωυτοῦ
1153 733 1276 786 τάξιν.

378 801 381 804 ”
428 826 557 857 XLVI.
597 811 661 856 Οἱ
687 808 725 856 δὲ
761 807 982 873 στρατηγοὶ
1016 813 1090 855 τῶν
1123 809 1376 864 Ἀθηναίων,
1409 808 1594 861 ἐλθόντες
1633 807 1701 855 ἐπὶ

361 887 409 934 τὸ
434 885 551 941 δεξιὸν
573 886 703 950 κέρας,
744 886 881 946 ἐλεγον
918 886 1135 949 Παυσανίῃ
1167 887 1224 932 τά
1259 904 1331 949 περ
1365 885 1538 938 ἤκουσαν
1572 884 1700 932 Ἀλε-

362 964 537 1028 ξάνδρου.
575 963 596 1009 ὁ
618 962 671 1019 δέ,
695 963 826 1025 τοὺτῳ
849 966 906 1025 τῷ
928 963 1039 1025 λόγῳ
1072 961 1388 1026 καταῤῥωδὴσας
1411 962 1506 1015 τούς
1530 963 1704 1026 Πέρσας,

362 1041 475 1102 ἐ’λεγε
519 1041 633 1087 τάδε·
686 1045 716 1067 “
739 1039 862 1087 Ἐπεὶ
909 1040 1035 1086 τοίνυν
1071 1042 1108 1092 ές
1148 1042 1202 1093 ἡῶ
1241 1042 1263 1094 ἡ
1302 1038 1490 1102 συμὲολὴ
1530 1040 1703 1100 γίνεται,

365 1124 395 1146 “
421 1118 551 1180 ὑμέας
580 1117 652 1181 μὲν
674 1117 784 1181 χρεόν
809 1118 891 1164 έστι
915 1116 1009 1170 τοὺς
1026 1117 1283 1170 Ἀθηναίους
1307 1120 1446 1169 στῆναι
1470 1115 1589 1164 κατοὶ
1611 1116 1706 1170 τοὺς
1762 1126 1791 1163 5

366 1202 394 1223 ‘⁶
419 1194 594 1258 Πέρσας,
621 1194 749 1256 ἡμέας
773 1192 811 1240 δὲ
835 1191 953 1239 κατοὶ
977 1192 1070 1245 τούς
1102 1192 1302 1245 Βοιωτούς
1326 1211 1369 1239 τε
1392 1193 1468 1239 καὶ
1490 1193 1586 1246 τοὺς
1606 1192 1703 1240 κατ’

366 1277 396 1298 “
421 1271 551 1333 ὑμέας
574 1270 848 1332 τεταγμένους
869 1269 1085 1325 Ἑλλὴνων,
1119 1269 1236 1316 τῶνδε
1271 1269 1411 1316 εἵνεκα.
1447 1268 1558 1332 ὑμεῖς
1595 1269 1706 1317 έπίσ-

364 1355 393 1375 “
416 1351 539 1394 τασθε
575 1346 669 1399 τούς
695 1346 864 1400 Μήδους
896 1345 972 1392 καὶ
1004 1345 1072 1400 τὴν
1105 1346 1246 1408 μάχην
1282 1345 1445 1402 αὐτέων,
1476 1347 1512 1392 έν
1549 1348 1704 1411 Μαρα·

365 1432 392 1452 “
417 1426 512 1472 θῶνι
547 1425 844 1487 μαχεσάμενοι·
879 1424 990 1486 ἡμεῖς
1030 1422 1070 1470 δὲ
1093 1422 1255 1487 οἵπειροί
1272 1423 1315 1470 τέ
1340 1425 1442 1485 εἰμεν
1464 1423 1540 1470 καὶ
1563 1424 1705 1477 ἀδαέες

363 1509 393 1529 “
416 1500 582 1548 τουτέων
605 1505 680 1547 τῶν
704 1500 859 1563 ἀνδρῶν.
899 1499 1181 1564 Σπαρτιητέων
1216 1498 1298 1564 γάρ
1323 1499 1446 1553 οὐδεὶς
1469 1501 1704 1564 πεπείρηται
1734 1509 1794 1549 10

366 1584 393 1605 “
420 1577 584 1631 Μὴδων·
622 1578 732 1639 ἡμεῖς
772 1575 811 1622 δὲ
855 1577 1037 1622 Βοιωτῶν
1076 1575 1151 1622 καὶ
1188 1578 1411 1623 Θεσσαλῶν
1446 1575 1629 1641 ἔμπειροί
1657 1579 1707 1625 εἰ-

365 1660 392 1683 “
417 1673 499 1717 μεν.
532 1652 627 1700 ἀλλ’
658 1651 945 1706 ἁναλαὲόντας
973 1652 1030 1699 τοὶ
1059 1652 1173 1699 ὅπλα
1196 1653 1307 1716 χρεόν
1339 1654 1421 1700 ἐστι
1456 1653 1553 1700 ἰέναι
1578 1653 1708 1716 ὑμέας

368 1738 395 1759 “
417 1731 488 1793 μὲν
514 1732 550 1783 ές
583 1730 673 1776 τόδε
704 1728 752 1776 τό
782 1729 914 1792 κέρας,
945 1730 1073 1792 ἡμέας
1101 1729 1141 1776 δὲ
1166 1731 1203 1782 ές
1225 1728 1273 1776 τδ
1297 1728 1528 1793 εὐώνυμον.”
1600 1730 1709 1794 Πρός

365 1806 404 1854 δὲ
444 1812 585 1854 ταῦτα
626 1807 741 1852 εἶπαν
782 1808 821 1852 οἱ
839 1806 1064 1860 Ἀθηναῖοι
1096 1806 1209 1853 τάδε·
1247 1814 1274 1834 “
1301 1805 1389 1854 Καὶ
1424 1807 1581 1853 αὑτοῖσι
1618 1809 1709 1870 ἡμῖν

367 1891 395 1912 “
419 1886 556 1931 πάλαι
581 1882 654 1929 ἀπ’
682 1883 823 1946 ἀρχῆς,
850 1882 941 1929 έπεί
957 1901 1000 1929 τε
1033 1883 1181 1945 εἴδομεν
1218 1882 1315 1929 κατ’
1347 1882 1477 1945 ὑμέας
1504 1884 1708 1946 τασσομέ-
1738 1894 1794 1931 15

367 1968 395 1988 “
420 1980 505 2014 νους
536 1959 630 2012 τούς
663 1962 837 2022 Πέρσας,
875 1960 908 2005 έν
944 1958 1014 2022 νόω
1047 1960 1198 2020 ἐγένετο
1239 1960 1351 2006 εἶπαι
1391 1963 1534 2006 ταῦτα
1557 1961 1614 2007 τά
1637 1979 1709 2025 περ

367 2045 393 2065 “
418 2038 530 2100 ὑμεῖς
553 2038 733 2096 φθάντες
773 2036 995 2100 προφέρετε·
1032 2035 1148 2083 ἀλλὰ
1173 2035 1254 2100 γοὶρ
1278 2035 1517 2101 ἁῤῥωδέομεν
1539 2036 1597 2099 μὴ
1621 2037 1712 2100 ὑμῖν

367 2123 393 2143 “
417 2117 491 2162 οὐκ
515 2115 618 2169 ἡδέες
641 2115 829 2174 γένωνται
865 2115 905 2159 οἱ
933 2113 1062 2173 λόγοι.
1098 2112 1183 2161 ἐπεὶ
1213 2112 1244 2160 δ’
1279 2113 1326 2159 ὧν
1361 2112 1481 2160 αὐτοὶ
1512 2114 1709 2176 έμνὴσθη-

370 2199 399 2220 “
424 2211 485 2250 τε,
519 2191 594 2238 καὶ
627 2191 843 2253 ἡδομένοισι
873 2191 963 2253 ἡμῖν
997 2193 1037 2237 οἱ
1061 2191 1179 2250 λόγοι
1212 2190 1418 2251 γεγόνασι,
1450 2189 1526 2237 καὶ
1557 2191 1715 2255 ἑτοῖμοί

370 2275 398 2296 “
422 2270 524 2332 εἰμεν
549 2268 688 2315 ποιέειν
710 2264 888 2313 ταῦτα.”
1737 2277 1800 2316 20

435 2361 587 2392 XLVII.
618 2346 708 2397 “Ως
741 2343 772 2391 δ’
806 2346 937 2409 ἤρεσκε
971 2345 1232 2409 ἀμφοτέροισι
1267 2349 1422 2401 ταῦτα,
1454 2347 1529 2399 ἠώς
1562 2365 1606 2393 τε
1637 2346 1713 2394 διέ-

369 2435 497 2482 φαινε,
523 2421 598 2468 καὶ
623 2421 917 2469 διαλλάσσοντο
941 2421 1019 2475 τοὶς
1043 2423 1171 2477 τάξις.
1211 2421 1365 2486 γνόντες
1400 2421 1439 2469 δέ
1471 2423 1512 2468 οἱ
1542 2422 1713 2470 Βοιωτοὶ

369 2499 417 2547 τὸ
441 2499 683 2562 ποιεὺμενον,
707 2498 982 2563 ἐξαγορεύουσι
1002 2499 1230 2563 Μαρδονίῳ.
1259 2498 1280 2544 o‘
1301 2497 1333 2544 δ’
1360 2499 1452 2545 έπεί
1476 2518 1519 2546 τε
1554 2499 1708 2555 ἤκουσε,

371 2577 528 2624 αὐτίκα
576 2577 819 2639 μετιστάναι
865 2576 939 2623 καὶ
990 2576 1114 2629 αὐτός
1153 2577 1354 2640 ἐπειρᾶτο,
1390 2577 1586 2640 παράγων
1619 2575 1714 2629 τούς

374 2654 536 2717 Πέρσας
566 2652 683 2700 κατοὶ
714 2653 808 2707 τούς
845 2654 1211 2716 Λακεδαιμονίους.
1264 2655 1355 2706 “Ως
1387 2652 1426 2700 δὲ
1461 2652 1597 2716 ἔμαθε
1619 2656 1712 2699 τοῦ·
1767 2661 1798 2700 5

374 2749 420 2777 το
444 2735 601 2778 τοιοῦτο
630 2730 826 2795 γινόμενον
855 2731 876 2778 ὁ
900 2730 1151 2787 Παυσανίης,
1187 2729 1304 2791 γνοὺς
1334 2728 1395 2777 ὅτι
1426 2730 1472 2776 οὐ
1505 2730 1714 2785 λανθάνει,
