1836 3156
578 337 974 393 INDEX

109 508 285 542 EORUM
303 506 416 544 QUAE
434 505 570 538 APUD
595 504 918 536 HERODOTUM
935 503 1061 535 SUNT
1077 502 1444 537 MEMORABILIA.

115 807 255 838 Monitus
269 815 330 838 esse
344 807 437 841 debes,
454 806 499 836 mi
511 807 613 840 lector,
629 805 770 836 Iudicem
783 806 869 836 hunc
883 816 948 836 non
962 806 1004 835 ad
1020 804 1156 844 paginas
1181 806 1447 837 accommodatum.

326 860 395 886 esse,
412 850 463 880 sed
483 851 524 880 ad
538 850 639 886 libros,
654 855 683 879 ec
697 850 808 888 capita,
819 850 854 879 in
869 859 939 889 quae
954 858 1002 879 eos
1015 848 1236 881 distribuimus.

80 975 218 1027 ABAE,
241 993 316 1022 urbs
339 991 558 1027 Phocensium,
581 991 600 1021 i.
626 996 675 1023 46.
701 990 761 1022 viii.

121 1037 170 1065 27.
197 1040 228 1064 et
257 1038 325 1064 154.
345 1034 399 1064 ubi
415 1040 480 1064 erat
504 1034 660 1073 Apollinis
674 1035 762 1064 delu-

119 1078 214 1107 brum
239 1076 386 1115 locuples
403 1076 464 1106 viii.
488 1081 540 1107 55.
564 1077 679 1107 ibidem
694 1077 762 1107 red-

121 1119 187 1149 dita
208 1119 341 1156 oracula,
363 1119 519 1150 Herodoti
544 1120 638 1149 etiam
662 1126 760 1155 aetate,

121 1161 195 1192 ibid.

81 1206 222 1236 Abantes
238 1205 366 1235 Euboeae
391 1213 456 1235 non
478 1204 607 1235 minima
621 1205 730 1245 portio,
748 1205 778 1235 i(

126 1251 196 1278 146.

87 1290 199 1321 Abaris
226 1290 382 1321 ferebatur
413 1290 510 1320 fuisse
532 1291 769 1330 Hyperboreus,

126 1334 242 1406 iv.d36.
267 1333 305 1363 de
329 1343 366 1363 eo
390 1339 420 1363 et
445 1333 513 1374 ejus
527 1333 640 1374 sagitta
654 1332 767 1370 fabula,

70 1390 73 1391 ⁷
126 1376 168 1406 ibi
192 1397 200 1405 .

88 1419 223 1455 Abdera,
251 1419 291 1449 vi.
317 1422 368 1450 46.
390 1418 440 1449 vii.
472 1423 541 1450 109.
570 1423 640 1450 126.
661 1420 734 1450 urbs
753 1429 772 1448 a

132 1462 216 1492 Teiis
230 1461 354 1492 condita
368 1462 401 1491 in
418 1462 558 1498 Thracia,
575 1462 593 1491 i.
614 1466 682 1493 168.
703 1471 772 1491 eam

130 1505 255 1535 Xerxes
268 1506 412 1543 praeterit,
426 1504 476 1534 vii.
494 1508 563 1536 109.
577 1515 651 1535 cum
670 1504 773 1534 Abde-

129 1547 196 1577 ritis
212 1548 334 1577 Xerxes
359 1546 483 1586 hospitii
506 1547 608 1577 foedus
636 1546 712 1580 iniit,
743 1552 775 1576 et

130 1590 255 1620 acinace
270 1599 364 1619 aureo
379 1599 414 1618 ac
429 1589 507 1619 tiara
519 1600 596 1620 auro
610 1589 776 1620 intertexta

132 1643 185 1663 eos
199 1633 333 1668 donavit,
349 1632 411 1661 viii,
432 1636 501 1662 120.

92 1676 283 1706 Abrocomes
298 1681 329 1704 et
345 1674 575 1714 Hyperanthes.
596 1674 686 1705 Darii
710 1673 774 1710 filii,

149 1718 264 1748 Xerxis
278 1718 395 1752 fratres,
412 1727 504 1756 super
519 1717 648 1747 cadaver
660 1717 778 1748 Leoni-

133 1761 182 1791 dae
196 1762 399 1794 occumbunt.
415 1760 465 1790 vii.
481 1764 552 1790 224.

96 1803 311 1844 Abronychus,
341 1803 549 1838 Atheniensis,
577 1802 660 1832 filius
687 1802 778 1843 Lysi.

136 1847 200 1882 elis,
223 1845 399 1886 speculator
412 1847 497 1885 apud
513 1846 695 1882 Leonidem‚
712 1845 774 1876 viii.

136 1893 188 1920 21.

98 1932 240 1973 Abydus,
266 1941 331 1961 una
356 1931 481 1961 urbium
504 1931 537 1960 in
559 1931 780 1971 Hellesponto,

137 1987 165 2005 v.
185 1978 253 2006 117.
277 1974 327 2004 vii.
352 1978 404 2004 55.
426 1978 478 2004 54.
492 1974 594 2004 vicina
621 1974 780 2009 Dardano,

136 2018 189 2049 vii.
202 2022 256 2049 45.
278 2022 374 2056 ponte
396 2027 415 2046 a
432 2017 539 2047 Xerxe
557 2018 712 2058 jungitur,
733 2016 785 2046 vii.

137 2065 190 2092 54.

101 2104 248 2145 Abydeni
281 2103 460 2142 praetorium
496 2103 655 2145 quoddam
684 2102 784 2133 Xerxi

142 2153 317 2182 exstruunt,
333 2146 382 2176 vii.
397 2150 448 2176 44.

103 2191 268 2221 Acanthus
286 2190 368 2224 urbs,
384 2188 423 2219 vi.
439 2192 490 2219 44.

105 2232 276 2264 Acanthios
296 2231 421 2270 hospitii
429 2232 501 2272 jure
516 2237 548 2262 et
563 2231 691 2263 Medica
704 2236 788 2262 veste

144 2276 240 2306 donat
255 2275 386 2309 Xerxes,
398 2274 447 2304 vii.
465 2278 475 2303 1
490 2278 536 2306 16.

105 2318 334 2350 Acanthiotum
347 2327 443 2354 mare,
458 2316 506 2347 vii.
526 2321 578 2347 22.

107 2361 261 2392 Accensio
280 2360 487 2397 lucernarum,
511 2360 582 2390 festi
608 2369 731 2394 nomen,
756 2359 788 2389 ii.

147 2408 198 2435 62.

108 2446 266 2486 Accipiter
287 2446 368 2476 inter
381 2446 555 2477 animantes
572 2445 730 2486 AEgyptiis
744 2455 790 2475 sa-

149 2500 224 2526 cras,
241 2489 272 2519 ii.
286 2493 336 2520 65.
359 2499 433 2519 eum
454 2489 509 2529 qui
534 2488 688 2519 necaverit
709 2488 794 2526 apud

150 2531 328 2572 AEgyptiOS,
355 2531 418 2561 sive
442 2532 557 2568 volens,
585 2531 649 2561 sive
674 2530 792 2566 nolens,

150 2581 252 2605 morte
276 2573 455 2610 mulctatur,
479 2574 554 2604 ibid.
583 2584 635 2604 eas
663 2583 734 2603 aves
761 2573 795 2602 in

149 2619 261 2649 urbem
284 2617 399 2647 Butun
423 2623 581 2656 asportant
594 2616 794 2655 sepeliendas,

149 2660 183 2691 ii.
215 2663 267 2691 67.
308 2669 418 2689 earum
440 2659 526 2698 paria
549 2666 675 2699 septem,
703 2668 797 2689 omen

153 2709 228 2734 sunt
241 2708 360 2741 septem
377 2702 486 2737 Persis,
498 2702 540 2732 iii.
556 2706 606 2733 76.

116 2745 267 2784 Acephali
280 2744 398 2784 populi,
416 2745 455 2774 iv.
471 2749 542 2776 191.
566 2745 599 2774 in
621 2744 798 2783 pectoribus

157 2787 266 2818 oculos
279 2789 402 2824 habent,
418 2787 491 2817 ibid.

118 2832 279 2904 Aceratus7,
291 2831 440 2871 propheta
455 2831 487 2860 in
501 2830 620 2869 templo
632 2829 800 2872 Delphico,

159 2883 221 2903 vm.
238 2877 258 2903 5
280 2895 289 2903 .

197 2927 280 2958 Vm..
296 2927 312 2957 I
317 2927 343 2958 1.

813 2929 845 2961 A

805 993 888 1022 Aces
903 991 1011 1028 amnis,
1027 991 1069 1022 iii.
1085 994 1156 1023 117.
1170 991 1255 1021 unde
1277 990 1401 1024 oriatur,
1417 989 1492 1020 ibid.

808 1036 1006 1071 Achaeorum,
1020 1034 1074 1075 qui
1088 1035 1183 1064 Iones
1198 1045 1215 1064 e
1229 1034 1354 1064 sedibus
1367 1033 1432 1063 suis
1440 1043 1492 1062 ex-

848 1084 987 1118 egerunt,
1004 1084 1105 1116 partes
1119 1076 1294 1107 duodecim.
1308 1076 1326 1105 i.
1345 1079 1416 1107 145.

809 1121 919 1150 Achaei
935 1120 1091 1150 Phthiotae
1106 1119 1306 1159 suppeditant
1317 1118 1418 1149 Xerxi
1432 1124 1493 1148 ter-

849 1169 960 1193 restres
990 1163 1102 1201 copias,
1133 1163 1184 1191 vii.
1220 1164 1288 1193 185.
1322 1171 1432 1191 eorum
1464 1161 1498 1189 in

854 1207 1054 1236 Athamantis
1067 1210 1206 1244 posteros
1221 1204 1310 1241 actio,
1327 1204 1378 1234 vii.
1407 1206 1476 1234 197.

813 1248 951 1278 Achaeiae
968 1248 1088 1279 Cereris
1112 1246 1267 1286 templum
1294 1252 1327 1277 et
1351 1246 1446 1287 orgia,
1470 1256 1498 1275 v.

815 1334 1030 1369 Achaemenes,
1048 1332 1139 1363 Darii
1161 1331 1245 1362 filius
1266 1332 1357 1371 periit
1377 1332 1411 1361 in
1437 1331 1497 1361 AE-

855 1383 960 1418 ἔγρεο,
975 1376 1018 1405 iii.
1037 1379 1086 1405 12.
1116 1375 1231 1405 Xerxis
1246 1386 1283 1405 ex
1299 1381 1434 1415 utroque
1447 1385 1502 1414 pa-

855 1425 943 1450 rente
957 1428 1132 1459 germanus,
1149 1418 1199 1447 vii.
1224 1420 1252 1448 7.
1276 1421 1327 1449 97.
1374 1417 1503 1458 AEgypti

857 1472 977 1502 praeses,
994 1461 1045 1491 vii.
1063 1465 1089 1491 7.
1119 1460 1315 1501 AEgyptiacae
1325 1460 1415 1490 classi
1424 1470 1502 1500 prae-

858 1506 969 1539 fectus,
985 1504 1035 1533 vii.
1052 1507 1101 1535 97.
1115 1504 1236 1533 bonum
1251 1503 1418 1534 consilium
1435 1503 1502 1532 De-

858 1546 969 1578 marati
982 1546 1117 1582 invertit,
1140 1545 1191 1575 vii.
1205 1550 1277 1577 256.
1292 1547 1330 1576 ab
1348 1546 1442 1576 Inaro
1456 1545 1505 1574 in-

859 1589 1014 1625 terfectus,
1030 1589 1071 1619 iii.
1091 1592 1139 1619 12.
1152 1589 1203 1618 vii.
1222 1593 1251 1619 7.

822 1633 1027 1665 Achaemenes
1049 1634 1138 1666 alius,
1161 1631 1284 1671 Teispei
1307 1637 1404 1670 pater,
1429 1642 1505 1661 avus

865 1675 1033 1715 Cambysis
1049 1675 1099 1704 vii.
1118 1678 1166 1705 11.
1181 1674 1261 1704 alius
1283 1680 1391 1704 auctor
1411 1675 1505 1714 regiae

862 1718 964 1758 stirpis
977 1728 1032 1756 per
1049 1717 1194 1752 Darium,
1210 1717 1284 1747 ibid.

825 1760 1057 1793 Achaemenidae
1072 1759 1299 1800 compellantur
1313 1769 1332 1789 a
1344 1760 1507 1799 Cambyse‚

862 1805 907 1835 iii.
933 1807 984 1835 65.
1007 1814 1117 1834 eorum
1141 1802 1241 1833 tribus
1255 1802 1340 1841 apud
1358 1802 1509 1842 Pasarga-

863 1847 927 1883 das,
945 1847 964 1876 i.
983 1850 1050 1878 125.
1066 1847 1104 1877 ab
1120 1846 1156 1876 iis
1173 1855 1261 1886 reges
1279 1845 1415 1875 Persidae
1436 1851 1510 1875 sunt

865 1888 999 1926 oriundi,
1011 1889 1084 1919 ibid.

828 1932 954 1968 Achaia,
970 1931 1032 1962 viii.
1057 1936 1110 1963 56.

828 1975 987 2007 Achelous
1000 1974 1121 2009 fluvius,
1138 1973 1169 2004 ii.
1188 1978 1234 2005 10.
1249 1973 1300 2004 vii.
1317 1976 1388 2005 126.

829 2020 976 2049 Acheron
990 2017 1110 2052 fluvius,
1128 2028 1156 2047 v.
1173 2021 1221 2049 92.
1237 2017 1269 2057 §.
1281 2020 1309 2048 7.
1324 2017 1386 2047 viii.
1401 2019 1451 2049 47.

830 2061 1010 2092 Achilleum
1030 2060 1190 2100 oppidum,
1206 2071 1234 2089 v.
1250 2063 1300 2091 94.

831 2104 1006 2136 Achilleius
1029 2113 1146 2138 cursus,
1173 2102 1262 2133 locus
1283 2102 1326 2133 sic
1348 2101 1458 2138 dictus,
1475 2102 1514 2132 iv.

833 2191 986 2222 Acinaces
1002 2189 1123 2225 Martis,
1140 2188 1192 2219 cui
1216 2187 1397 2218 immolatur
1422 2193 1514 2228 quot-

873 2233 970 2269 annis,
986 2232 1026 2262 iv.
1041 2236 1089 2262 62.
1107 2232 1264 2262 acinacem
1279 2231 1311 2259 in
1325 2230 1454 2260 calicem
1469 2230 1515 2259 vi·

874 2287 917 2306 no
939 2281 969 2305 et
985 2275 1137 2315 sanguine
1150 2273 1281 2313 plenum
1295 2273 1423 2313 tingunt
1441 2273 1516 2312 Scy-

874 2320 936 2349 thae
950 2318 985 2347 in
1007 2318 1120 2348 foedere
1133 2316 1279 2351 ineundo,
1297 2315 1336 2345 iv.
1352 2320 1401 2345 70.
1416 2315 1518 2345 acina-

876 2372 926 2392 ces
943 2360 1087 2391 Persicus
1100 2361 1133 2389 in
1151 2358 1397 2398 Hellespontum
1419 2358 1520 2398 abjec-

875 2410 928 2434 tus
942 2415 961 2434 a
977 2403 1091 2437 Xerxe,
1108 2403 1158 2432 vii.
1174 2405 1224 2433 54.

838 2446 1004 2486 Acraephia
1017 2447 1098 2479 urbs,
1113 2445 1178 2475 viii.
1199 2447 1267 2475 155.

839 2489 980 2520 Acrisius
996 2488 1123 2519 Dana'eS
1136 2493 1231 2526 pater,
1247 2486 1285 2516 vi.
1302 2488 1353 2517 55.

840 2533 1021 2564 Acrothoon
1035 2532 1122 2568 urbs,
1137 2530 1186 2559 vii.
1202 2533 1253 2559 22.
1464 2561 1467 2565 ,

841 2574 970 2606 Aculeis
986 2573 1167 2615 jaculorum
1191 2573 1328 2602 ahenum
1341 2570 1470 2609 factum,
1486 2570 1526 2602 iv.

842 2660 988 2695 Adieram
1006 2659 1157 2690 Afrorum
1171 2667 1233 2694 rex,
1250 2668 1327 2699 agro
1338 2668 1357 2688 a
1370 2656 1530 2698 Cyrenaeis

883 2709 1004 2737 exutuS‚
1024 2701 1130 2741 Apriae
1146 2711 1178 2730 se
1192 2700 1285 2736 dedit,
1301 2701 1340 2731 iv.
1355 2705 1423 2732 159.

842 2746 1034 2778 Adimantus
1051 2744 1182 2774 Aristeae
1196 2751 1291 2782 pater,
1307 2743 1358 2774 vii.
1375 2747 1445 2774 157.

846 2788 1038 2820 Adimantus
1055 2786 1149 2826 Ocyti
1176 2786 1265 2822 filius,
1296 2786 1529 2817 Corinthiorum

886 2830 990 2861 classis
1002 2831 1075 2866 dux,
1092 2830 1201 2870 fugam
1215 2829 1316 2859 facere
1330 2829 1406 2864 vult,
1424 2829 1483 2858 viii.
1500 2832 1529 2860 5.

887 2874 955 2916 ejus
986 2873 1104 2905 dictum
1133 2873 1167 2903 in
1195 2871 1448 2907 Themistoclem,
1472 2872 1532 2902 viii.
