<?xml version="1.0" encoding="UTF-8"?>
<!DOCTYPE html PUBLIC "-//W3C//DTD XHTML 1.0 Transitional//EN"
    "http://www.w3.org/TR/xhtml1/DTD/xhtml1-transitional.dtd">
<html xmlns="http://www.w3.org/1999/xhtml" xml:lang="en" lang="en">
 <head>
  <title>
</title>
<meta http-equiv="Content-Type" content="text/html;charset=utf-8" />
  <meta name='ocr-system' content='tesseract 3.04.00' />
  <meta name='ocr-capabilities' content='ocr_page ocr_carea ocr_par ocr_line ocrx_word'/>
</head>
<body>
  <div class='ocr_page' id='page_1' title='image "./historinlogoi9ep02herouoft/historinlogoi9ep02herouoft_0225.png"; bbox 0 0 1836 3156; ppageno 0'>
   <div class='ocr_carea' id='block_1_1' title="bbox 465 185 1456 234">
    <p class='ocr_par' dir='ltr' id='par_1_1' title="bbox 465 185 1456 234">
     <span class='ocr_line' id='line_1_1' title="bbox 465 185 1456 234; baseline 0 0"><span class='ocrx_word' id='word_1_1' title='bbox 465 185 949 234; x_wconf 91' lang='lat' dir='ltr'>POLYMNIA</span> <span class='ocrx_word' id='word_1_2' title='bbox 995 185 1114 233; x_wconf 91' lang='lat' dir='ltr'><strong><em>VII.</em></strong></span> <span class='ocrx_word' id='word_1_3' title='bbox 1361 194 1456 234; x_wconf 83' lang='lat'><strong><em>215</em></strong></span> 
     </span>
    </p>
   </div>
   <div class='ocr_carea' id='block_1_2' title="bbox 38 316 1465 2831">
    <p class='ocr_par' dir='ltr' id='par_1_2' title="bbox 128 316 1456 382">
     <span class='ocr_line' id='line_1_2' title="bbox 128 316 1456 382; baseline -0.003 -15"><span class='ocrx_word' id='word_1_4' title='bbox 128 317 444 382; x_wconf 86' lang='grc' dir='ltr'><strong><em>Λακεδαιμόνιοι</em></strong></span> <span class='ocrx_word' id='word_1_5' title='bbox 464 318 503 365; x_wconf 85' lang='grc' dir='ltr'><strong><em>δέ</em></strong></span> <span class='ocrx_word' id='word_1_6' title='bbox 527 319 729 381; x_wconf 80' lang='grc' dir='ltr'><strong><em>ἐμάχοντο</em></strong></span> <span class='ocrx_word' id='word_1_7' title='bbox 753 318 871 372; x_wconf 78' lang='grc' dir='ltr'><strong><em>ἀξίως</em></strong></span> <span class='ocrx_word' id='word_1_8' title='bbox 891 316 1034 377; x_wconf 80' lang='grc' dir='ltr'><em>λόγου,</em></span> <span class='ocrx_word' id='word_1_9' title='bbox 1059 316 1176 362; x_wconf 79' lang='grc' dir='ltr'><strong><em>οἵλλα</em></strong></span> <span class='ocrx_word' id='word_1_10' title='bbox 1200 335 1242 363; x_wconf 92' lang='grc' dir='ltr'><strong><em>τε</em></strong></span> <span class='ocrx_word' id='word_1_11' title='bbox 1267 316 1456 364; x_wconf 83' lang='grc' dir='ltr'><strong><em>ἀποδεικ-</em></strong></span> 
     </span>
    </p>

    <p class='ocr_par' dir='ltr' id='par_1_3' title="bbox 42 391 1465 765">
     <span class='ocr_line' id='line_1_3' title="bbox 42 391 1458 458; baseline -0.003 -16"><span class='ocrx_word' id='word_1_12' title='bbox 42 404 100 442; x_wconf 93' lang='grc'><strong><em>10</em></strong></span> <span class='ocrx_word' id='word_1_13' title='bbox 123 396 271 458; x_wconf 91' lang='grc' dir='ltr'><strong><em>νύμενοι</em></strong></span> <span class='ocrx_word' id='word_1_14' title='bbox 297 396 330 441; x_wconf 90' lang='grc' dir='ltr'><strong><em>ἐν</em></strong></span> <span class='ocrx_word' id='word_1_15' title='bbox 354 396 427 441; x_wconf 83' lang='grc' dir='ltr'><strong><em>οὐκ</em></strong></span> <span class='ocrx_word' id='word_1_16' title='bbox 451 394 748 456; x_wconf 73' lang='grc' dir='ltr'><strong><em>ἐπισταμένοισι</em></strong></span> <span class='ocrx_word' id='word_1_17' title='bbox 773 394 996 456; x_wconf 75' lang='grc' dir='ltr'><strong><em>μάχεσθαι</em></strong></span> <span class='ocrx_word' id='word_1_18' title='bbox 1031 394 1342 456; x_wconf 74' lang='grc' dir='ltr'><strong><em>ἐξεπιστάμενοι,</em></strong></span> <span class='ocrx_word' id='word_1_19' title='bbox 1382 391 1458 455; x_wconf 78' lang='grc' dir='ltr'><strong><em>καὶ</em></strong></span> 
     </span>
     <span class='ocr_line' id='line_1_4' title="bbox 122 467 1458 534; baseline -0.001 -17"><span class='ocrx_word' id='word_1_20' title='bbox 122 470 221 524; x_wconf 78' lang='grc' dir='ltr'><strong><em>ὅκως</em></strong></span> <span class='ocrx_word' id='word_1_21' title='bbox 245 470 469 534; x_wconf 69' lang='grc' dir='ltr'><strong><em>ἐντρέψειαν</em></strong></span> <span class='ocrx_word' id='word_1_22' title='bbox 493 469 549 516; x_wconf 79' lang='grc' dir='ltr'><strong><em>τοὶ</em></strong></span> <span class='ocrx_word' id='word_1_23' title='bbox 573 475 690 526; x_wconf 75' lang='grc' dir='ltr'><strong><em>νῶτα,</em></strong></span> <span class='ocrx_word' id='word_1_24' title='bbox 716 469 829 522; x_wconf 79' lang='grc' dir='ltr'><strong><em>ἁλέες</em></strong></span> <span class='ocrx_word' id='word_1_25' title='bbox 847 469 1063 528; x_wconf 71' lang='grc' dir='ltr'><strong><em>φεύγεσκον</em></strong></span> <span class='ocrx_word' id='word_1_26' title='bbox 1079 469 1210 522; x_wconf 89' lang='grc' dir='ltr'><strong><em>δῆθεν·</em></strong></span> <span class='ocrx_word' id='word_1_27' title='bbox 1235 470 1274 514; x_wconf 83' lang='grc' dir='ltr'><strong><em>οἱ</em></strong></span> <span class='ocrx_word' id='word_1_28' title='bbox 1293 467 1332 516; x_wconf 81' lang='grc' dir='ltr'><strong><em>δὲ</em></strong></span> <span class='ocrx_word' id='word_1_29' title='bbox 1354 469 1458 532; x_wconf 88' lang='grc' dir='ltr'><strong><em>βάρ-</em></strong></span> 
     </span>
     <span class='ocr_line' id='line_1_5' title="bbox 123 544 1465 611; baseline -0.003 -17"><span class='ocrx_word' id='word_1_30' title='bbox 123 546 235 611; x_wconf 69' lang='grc' dir='ltr'><strong><em>ίῖαροι</em></strong></span> <span class='ocrx_word' id='word_1_31' title='bbox 261 546 431 610; x_wconf 86' lang='grc' dir='ltr'><strong><em>ὁρέωντες</em></strong></span> <span class='ocrx_word' id='word_1_32' title='bbox 455 546 691 606; x_wconf 89' lang='grc' dir='ltr'><strong><em>φεύγοντας,</em></strong></span> <span class='ocrx_word' id='word_1_33' title='bbox 713 548 795 609; x_wconf 77' lang='grc' dir='ltr'><strong><em>βοῆ</em></strong></span> <span class='ocrx_word' id='word_1_34' title='bbox 818 564 861 591; x_wconf 90' lang='grc' dir='ltr'><strong><em>τε</em></strong></span> <span class='ocrx_word' id='word_1_35' title='bbox 883 544 959 591; x_wconf 73' lang='grc' dir='ltr'><strong><em>καὶ</em></strong></span> <span class='ocrx_word' id='word_1_36' title='bbox 982 547 1166 608; x_wconf 80' lang='grc' dir='ltr'><strong><em>πατάγῳ</em></strong></span> <span class='ocrx_word' id='word_1_37' title='bbox 1201 546 1381 599; x_wconf 75' lang='grc' dir='ltr'><strong><em>ἐπῆΐσαν·</em></strong></span> <span class='ocrx_word' id='word_1_38' title='bbox 1424 545 1465 590; x_wconf 79' lang='grc' dir='ltr'><strong><em>οἱ</em></strong></span> 
     </span>
     <span class='ocr_line' id='line_1_6' title="bbox 122 620 1458 686; baseline -0.001 -16"><span class='ocrx_word' id='word_1_39' title='bbox 122 624 155 670; x_wconf 89' lang='grc' dir='ltr'><strong><em>δ’</em></strong></span> <span class='ocrx_word' id='word_1_40' title='bbox 200 622 262 679; x_wconf 76' lang='grc' dir='ltr'><strong><em>ἂν,</em></strong></span> <span class='ocrx_word' id='word_1_41' title='bbox 305 621 740 686; x_wconf 62' lang='grc' dir='ltr'><strong><em>καταλαμζανόμενοι,</em></strong></span> <span class='ocrx_word' id='word_1_42' title='bbox 785 621 1021 685; x_wconf 82' lang='grc' dir='ltr'><strong><em>ὑπέστρεφον</em></strong></span> <span class='ocrx_word' id='word_1_43' title='bbox 1062 620 1187 667; x_wconf 81' lang='grc' dir='ltr'><strong><em>ἀντίοι</em></strong></span> <span class='ocrx_word' id='word_1_44' title='bbox 1222 622 1316 668; x_wconf 75' lang='grc' dir='ltr'><strong><em>εἶναι</em></strong></span> <span class='ocrx_word' id='word_1_45' title='bbox 1357 626 1458 668; x_wconf 83' lang='grc' dir='ltr'><strong><em>τοῖσι</em></strong></span> 
     </span>
     <span class='ocr_line' id='line_1_7' title="bbox 123 696 1459 765; baseline -0.002 -18"><span class='ocrx_word' id='word_1_46' title='bbox 123 699 378 765; x_wconf 65' lang='grc' dir='ltr'><strong><em>βαρζάροισι·</em></strong></span> <span class='ocrx_word' id='word_1_47' title='bbox 398 699 759 763; x_wconf 62' lang='grc' dir='ltr'><strong><em>μεταστρεφόμενοι</em></strong></span> <span class='ocrx_word' id='word_1_48' title='bbox 779 698 836 756; x_wconf 86' lang='grc' dir='ltr'><strong><em>δέ,</em></strong></span> <span class='ocrx_word' id='word_1_49' title='bbox 854 696 1114 745; x_wconf 65' lang='grc' dir='ltr'><strong><em>κατέὲαλλον</em></strong></span> <span class='ocrx_word' id='word_1_50' title='bbox 1133 698 1292 751; x_wconf 69' lang='grc' dir='ltr'><strong><em>πλήθεϊ</em></strong></span> <span class='ocrx_word' id='word_1_51' title='bbox 1304 698 1459 761; x_wconf 80' lang='grc' dir='ltr'><strong><em>ἀναριθ-</em></strong></span> 
     </span>
    </p>

    <p class='ocr_par' dir='ltr' id='par_1_4' title="bbox 40 773 1462 1070">
     <span class='ocr_line' id='line_1_8' title="bbox 40 773 1460 841; baseline -0.003 -17"><span class='ocrx_word' id='word_1_52' title='bbox 40 786 96 824; x_wconf 91' lang='grc'><strong><em>15</em></strong></span> <span class='ocrx_word' id='word_1_53' title='bbox 120 778 274 841; x_wconf 75' lang='grc' dir='ltr'><strong><em>μῆτους</em></strong></span> <span class='ocrx_word' id='word_1_54' title='bbox 298 781 371 823; x_wconf 79' lang='grc' dir='ltr'><strong><em>τῶν</em></strong></span> <span class='ocrx_word' id='word_1_55' title='bbox 410 777 600 840; x_wconf 89' lang='grc' dir='ltr'><strong><em>Περσέων.</em></strong></span> <span class='ocrx_word' id='word_1_56' title='bbox 639 776 806 822; x_wconf 75' lang='grc' dir='ltr'><strong><em>ἔπιπτον</em></strong></span> <span class='ocrx_word' id='word_1_57' title='bbox 832 774 871 821; x_wconf 78' lang='grc' dir='ltr'><strong><em>δὲ</em></strong></span> <span class='ocrx_word' id='word_1_58' title='bbox 907 775 982 821; x_wconf 73' lang='grc' dir='ltr'><strong><em>καὶ</em></strong></span> <span class='ocrx_word' id='word_1_59' title='bbox 1017 774 1165 821; x_wconf 79' lang='grc' dir='ltr'><strong><em>αὐτέων</em></strong></span> <span class='ocrx_word' id='word_1_60' title='bbox 1203 778 1277 820; x_wconf 73' lang='grc' dir='ltr'><strong><em>τῶν</em></strong></span> <span class='ocrx_word' id='word_1_61' title='bbox 1317 773 1460 837; x_wconf 78' lang='grc' dir='ltr'><strong><em>Σπαρ·</em></strong></span> 
     </span>
     <span class='ocr_line' id='line_1_9' title="bbox 122 850 1462 914; baseline -0.003 -14"><span class='ocrx_word' id='word_1_62' title='bbox 122 854 300 908; x_wconf 88' lang='grc' dir='ltr'><strong><em>θτιητέων</em></strong></span> <span class='ocrx_word' id='word_1_63' title='bbox 325 855 512 900; x_wconf 84' lang='grc' dir='ltr'><strong><em>ἐνθαῦτα</em></strong></span> <span class='ocrx_word' id='word_1_64' title='bbox 536 853 680 913; x_wconf 77' lang='grc' dir='ltr'><strong><em>ὀλίγοι.</em></strong></span> <span class='ocrx_word' id='word_1_65' title='bbox 730 851 856 899; x_wconf 70' lang='grc' dir='ltr'><strong><em>Ἐπεὶ</em></strong></span> <span class='ocrx_word' id='word_1_66' title='bbox 879 851 918 898; x_wconf 80' lang='grc' dir='ltr'><strong><em>δέ</em></strong></span> <span class='ocrx_word' id='word_1_67' title='bbox 937 850 1041 898; x_wconf 75' lang='grc' dir='ltr'><strong><em>οὐδὲν</em></strong></span> <span class='ocrx_word' id='word_1_68' title='bbox 1061 851 1242 898; x_wconf 87' lang='grc' dir='ltr'><strong><em>ἐδυνέατο</em></strong></span> <span class='ocrx_word' id='word_1_69' title='bbox 1266 859 1462 914; x_wconf 86' lang='grc' dir='ltr'><strong><em>παραλα-</em></strong></span> 
     </span>
     <span class='ocr_line' id='line_1_10' title="bbox 124 926 1461 994; baseline -0.002 -17"><span class='ocrx_word' id='word_1_70' title='bbox 124 929 198 977; x_wconf 58' lang='lat' dir='ltr'><strong><em>Catu</em></strong></span> <span class='ocrx_word' id='word_1_71' title='bbox 223 932 264 977; x_wconf 82' lang='grc' dir='ltr'><strong><em>οἱ</em></strong></span> <span class='ocrx_word' id='word_1_72' title='bbox 294 931 449 994; x_wconf 89' lang='grc' dir='ltr'><strong><em>Πέρσαι</em></strong></span> <span class='ocrx_word' id='word_1_73' title='bbox 472 933 542 983; x_wconf 89' lang='grc' dir='ltr'><strong><em>τῆς</em></strong></span> <span class='ocrx_word' id='word_1_74' title='bbox 567 930 701 976; x_wconf 82' lang='grc' dir='ltr'><strong><em>ἐσόδου</em></strong></span> <span class='ocrx_word' id='word_1_75' title='bbox 725 930 981 993; x_wconf 73' lang='grc' dir='ltr'><strong><em>πειρεῶμενοι,</em></strong></span> <span class='ocrx_word' id='word_1_76' title='bbox 1005 928 1080 975; x_wconf 73' lang='grc' dir='ltr'><strong><em>καὶ</em></strong></span> <span class='ocrx_word' id='word_1_77' title='bbox 1101 927 1219 975; x_wconf 82' lang='grc' dir='ltr'><strong><em>κατοὶ</em></strong></span> <span class='ocrx_word' id='word_1_78' title='bbox 1241 928 1363 976; x_wconf 87' lang='grc' dir='ltr'><strong><em>τέλεα</em></strong></span> <span class='ocrx_word' id='word_1_79' title='bbox 1384 926 1461 974; x_wconf 70' lang='grc' dir='ltr'><strong><em>καὶ</em></strong></span> 
     </span>
     <span class='ocr_line' id='line_1_11' title="bbox 121 1004 1098 1070; baseline -0.002 -16"><span class='ocrx_word' id='word_1_80' title='bbox 121 1007 319 1060; x_wconf 82' lang='grc' dir='ltr'><strong><em>παντοίως</em></strong></span> <span class='ocrx_word' id='word_1_81' title='bbox 342 1004 675 1070; x_wconf 66' lang='grc' dir='ltr'><strong><em>προσὲάλλοντες,</em></strong></span> <span class='ocrx_word' id='word_1_82' title='bbox 701 1007 932 1060; x_wconf 71' lang='grc' dir='ltr'><strong><em>ἀπήλαυνον</em></strong></span> <span class='ocrx_word' id='word_1_83' title='bbox 957 1006 1098 1052; x_wconf 69' lang='grc' dir='ltr'><strong><em>ὀπίσω.</em></strong></span> 
     </span>
    </p>

    <p class='ocr_par' dir='ltr' id='par_1_5' title="bbox 119 1081 1460 1377">
     <span class='ocr_line' id='line_1_12' title="bbox 186 1081 1458 1146; baseline -0.001 -17"><span class='ocrx_word' id='word_1_84' title='bbox 186 1099 333 1129; x_wconf 82' lang='lat' dir='ltr'>CCXII.</span> <span class='ocrx_word' id='word_1_85' title='bbox 401 1082 476 1128; x_wconf 90' lang='grc' dir='ltr'><strong><em>Ἐν</em></strong></span> <span class='ocrx_word' id='word_1_86' title='bbox 511 1082 683 1145; x_wconf 71' lang='grc' dir='ltr'><strong><em>ταύτῃσι</em></strong></span> <span class='ocrx_word' id='word_1_87' title='bbox 718 1084 809 1145; x_wconf 77' lang='grc' dir='ltr'><strong><em>τῆσι</em></strong></span> <span class='ocrx_word' id='word_1_88' title='bbox 841 1081 1063 1146; x_wconf 89' lang='grc' dir='ltr'><strong><em>προσόδοισι</em></strong></span> <span class='ocrx_word' id='word_1_89' title='bbox 1087 1086 1158 1135; x_wconf 93' lang='grc' dir='ltr'><strong><em>τῆς</em></strong></span> <span class='ocrx_word' id='word_1_90' title='bbox 1179 1083 1323 1145; x_wconf 79' lang='grc' dir='ltr'><strong><em>μάχης</em></strong></span> <span class='ocrx_word' id='word_1_91' title='bbox 1344 1082 1458 1142; x_wconf 87' lang='grc' dir='ltr'><strong><em>λέγε-</em></strong></span> 
     </span>
     <span class='ocr_line' id='line_1_13' title="bbox 119 1158 1455 1225; baseline -0.001 -18"><span class='ocrx_word' id='word_1_92' title='bbox 119 1179 190 1207; x_wconf 87' lang='grc' dir='ltr'><strong><em>ται</em></strong></span> <span class='ocrx_word' id='word_1_93' title='bbox 227 1162 430 1222; x_wconf 86' lang='grc' dir='ltr'><strong><em>βασιλῆα,</em></strong></span> <span class='ocrx_word' id='word_1_94' title='bbox 468 1159 696 1221; x_wconf 82' lang='grc' dir='ltr'><strong><em>θηεύμενον,</em></strong></span> <span class='ocrx_word' id='word_1_95' title='bbox 733 1158 813 1223; x_wconf 70' lang='grc' dir='ltr'><strong><em>τρὶς</em></strong></span> <span class='ocrx_word' id='word_1_96' title='bbox 841 1159 1082 1223; x_wconf 79' lang='grc' dir='ltr'><strong><em>ἀναδραμεῖν</em></strong></span> <span class='ocrx_word' id='word_1_97' title='bbox 1122 1160 1167 1206; x_wconf 77' lang='grc' dir='ltr'><strong><em>ἐκ</em></strong></span> <span class='ocrx_word' id='word_1_98' title='bbox 1198 1164 1272 1206; x_wconf 82' lang='grc' dir='ltr'><strong><em>τοῦ</em></strong></span> <span class='ocrx_word' id='word_1_99' title='bbox 1295 1158 1455 1225; x_wconf 89' lang='grc' dir='ltr'><strong><em>θρόνου,</em></strong></span> 
     </span>
     <span class='ocr_line' id='line_1_14' title="bbox 120 1235 1459 1300; baseline -0.001 -16"><span class='ocrx_word' id='word_1_100' title='bbox 120 1237 309 1284; x_wconf 84' lang='grc' dir='ltr'><strong><em>δείσαντα</em></strong></span> <span class='ocrx_word' id='word_1_101' title='bbox 332 1236 419 1300; x_wconf 71' lang='grc' dir='ltr'><strong><em>περὶ</em></strong></span> <span class='ocrx_word' id='word_1_102' title='bbox 440 1240 492 1300; x_wconf 80' lang='grc' dir='ltr'><strong><em>τῆ</em></strong></span> <span class='ocrx_word' id='word_1_103' title='bbox 515 1240 701 1300; x_wconf 73' lang='grc' dir='ltr'><strong><em>στρατιῇ.</em></strong></span> <span class='ocrx_word' id='word_1_104' title='bbox 725 1235 817 1284; x_wconf 90' lang='grc' dir='ltr'><strong><em>τότε</em></strong></span> <span class='ocrx_word' id='word_1_105' title='bbox 841 1235 911 1299; x_wconf 77' lang='grc' dir='ltr'><strong><em>μὲν</em></strong></span> <span class='ocrx_word' id='word_1_106' title='bbox 943 1236 1046 1283; x_wconf 81' lang='grc' dir='ltr'><strong><em>οὕτω</em></strong></span> <span class='ocrx_word' id='word_1_107' title='bbox 1069 1236 1322 1296; x_wconf 75' lang='grc' dir='ltr'><strong><em>ἠγωνίσαντο.</em></strong></span> <span class='ocrx_word' id='word_1_108' title='bbox 1391 1238 1459 1300; x_wconf 56' lang='lat' dir='ltr'><strong><em>Ty]</em></strong></span> 
     </span>
     <span class='ocr_line' id='line_1_15' title="bbox 121 1311 1460 1377; baseline 0 -17"><span class='ocrx_word' id='word_1_109' title='bbox 121 1312 154 1360; x_wconf 84' lang='grc' dir='ltr'><strong><em>δ’</em></strong></span> <span class='ocrx_word' id='word_1_110' title='bbox 197 1313 382 1377; x_wconf 75' lang='grc' dir='ltr'><strong><em>ὑστεραίῃ</em></strong></span> <span class='ocrx_word' id='word_1_111' title='bbox 418 1315 458 1359; x_wconf 81' lang='grc' dir='ltr'><strong><em>οἱ</em></strong></span> <span class='ocrx_word' id='word_1_112' title='bbox 483 1311 682 1377; x_wconf 65' lang='grc' dir='ltr'><strong><em>βάρὲαροι</em></strong></span> <span class='ocrx_word' id='word_1_113' title='bbox 723 1311 828 1359; x_wconf 76' lang='grc' dir='ltr'><strong><em>οὐδὲν</em></strong></span> <span class='ocrx_word' id='word_1_114' title='bbox 865 1313 1020 1375; x_wconf 73' lang='grc' dir='ltr'><strong><em>ἄμεινον</em></strong></span> <span class='ocrx_word' id='word_1_115' title='bbox 1060 1313 1230 1360; x_wconf 82' lang='grc' dir='ltr'><strong><em>ἀέθλεον.</em></strong></span> <span class='ocrx_word' id='word_1_116' title='bbox 1267 1313 1342 1360; x_wconf 77' lang='grc' dir='ltr'><strong><em>οἵτε</em></strong></span> <span class='ocrx_word' id='word_1_117' title='bbox 1377 1311 1460 1376; x_wconf 76' lang='grc' dir='ltr'><strong><em>γοὶρ</em></strong></span> 
     </span>
    </p>

    <p class='ocr_par' dir='ltr' id='par_1_6' title="bbox 66 1389 1461 1761">
     <span class='ocr_line' id='line_1_16' title="bbox 66 1389 1460 1453; baseline -0.003 -14"><span class='ocrx_word' id='word_1_118' title='bbox 66 1402 95 1440; x_wconf 90' lang='grc'><em>5</em></span> <span class='ocrx_word' id='word_1_119' title='bbox 120 1392 263 1452; x_wconf 84' lang='grc' dir='ltr'><strong><em>ὀλίγων</em></strong></span> <span class='ocrx_word' id='word_1_120' title='bbox 304 1391 450 1447; x_wconf 86' lang='grc' dir='ltr'><strong><em>ἐόντων,</em></strong></span> <span class='ocrx_word' id='word_1_121' title='bbox 494 1391 731 1443; x_wconf 88' lang='grc' dir='ltr'><strong><em>ἐλπίσαντές</em></strong></span> <span class='ocrx_word' id='word_1_122' title='bbox 769 1403 895 1450; x_wconf 91' lang='grc' dir='ltr'><strong><em>σφεας</em></strong></span> <span class='ocrx_word' id='word_1_123' title='bbox 933 1389 1376 1453; x_wconf 79' lang='grc' dir='ltr'><strong><em>κατατετρωματίσθαι</em></strong></span> <span class='ocrx_word' id='word_1_124' title='bbox 1415 1407 1460 1436; x_wconf 89' lang='grc' dir='ltr'><strong><em>τε</em></strong></span> 
     </span>
     <span class='ocr_line' id='line_1_17' title="bbox 119 1463 1460 1530; baseline -0.001 -17"><span class='ocrx_word' id='word_1_125' title='bbox 119 1466 195 1514; x_wconf 75' lang='grc' dir='ltr'><strong><em>καὶ</em></strong></span> <span class='ocrx_word' id='word_1_126' title='bbox 218 1468 291 1513; x_wconf 77' lang='grc' dir='ltr'><strong><em>οὐκ</em></strong></span> <span class='ocrx_word' id='word_1_127' title='bbox 315 1467 418 1519; x_wconf 76' lang='grc' dir='ltr'><strong><em>οἵους</em></strong></span> <span class='ocrx_word' id='word_1_128' title='bbox 440 1486 482 1513; x_wconf 89' lang='grc' dir='ltr'><strong><em>τε</em></strong></span> <span class='ocrx_word' id='word_1_129' title='bbox 507 1467 673 1514; x_wconf 78' lang='grc' dir='ltr'><strong><em>ἐ’σεσθαι</em></strong></span> <span class='ocrx_word' id='word_1_130' title='bbox 697 1466 754 1513; x_wconf 77' lang='grc' dir='ltr'><strong><em>ἔτι</em></strong></span> <span class='ocrx_word' id='word_1_131' title='bbox 778 1472 914 1530; x_wconf 79' lang='grc' dir='ltr'><strong><em>χεῖρας</em></strong></span> <span class='ocrx_word' id='word_1_132' title='bbox 936 1466 1234 1530; x_wconf 80' lang='grc' dir='ltr'><strong><em>ἀνταείρασθαι,</em></strong></span> <span class='ocrx_word' id='word_1_133' title='bbox 1266 1463 1460 1513; x_wconf 64' lang='grc' dir='ltr'><strong><em>συνέζαλ-</em></strong></span> 
     </span>
     <span class='ocr_line' id='line_1_18' title="bbox 119 1539 1461 1597; baseline -0.001 -7"><span class='ocrx_word' id='word_1_134' title='bbox 119 1553 200 1590; x_wconf 92' lang='grc' dir='ltr'><strong><em>λον.</em></strong></span> <span class='ocrx_word' id='word_1_135' title='bbox 239 1545 280 1589; x_wconf 84' lang='grc' dir='ltr'><strong><em>οἱ</em></strong></span> <span class='ocrx_word' id='word_1_136' title='bbox 303 1542 342 1589; x_wconf 82' lang='grc' dir='ltr'><strong><em>δέ</em></strong></span> <span class='ocrx_word' id='word_1_137' title='bbox 369 1543 567 1597; x_wconf 74' lang='grc' dir='ltr'><strong><em>’Έλληνες</em></strong></span> <span class='ocrx_word' id='word_1_138' title='bbox 600 1541 717 1589; x_wconf 81' lang='grc' dir='ltr'><strong><em>κατοὶ</em></strong></span> <span class='ocrx_word' id='word_1_139' title='bbox 754 1543 868 1597; x_wconf 76' lang='grc' dir='ltr'><strong><em>τάξις</em></strong></span> <span class='ocrx_word' id='word_1_140' title='bbox 906 1561 949 1589; x_wconf 91' lang='grc' dir='ltr'><strong><em>τε</em></strong></span> <span class='ocrx_word' id='word_1_141' title='bbox 985 1541 1060 1588; x_wconf 74' lang='grc' dir='ltr'><strong><em>καὶ</em></strong></span> <span class='ocrx_word' id='word_1_142' title='bbox 1091 1539 1208 1588; x_wconf 82' lang='grc' dir='ltr'><strong><em>κατοὶ</em></strong></span> <span class='ocrx_word' id='word_1_143' title='bbox 1236 1541 1356 1588; x_wconf 76' lang='grc' dir='ltr'><strong><em>ἔθνεα</em></strong></span> <span class='ocrx_word' id='word_1_144' title='bbox 1395 1560 1461 1589; x_wconf 85' lang='grc' dir='ltr'><strong><em>κε-</em></strong></span> 
     </span>
     <span class='ocr_line' id='line_1_19' title="bbox 120 1618 1456 1685; baseline -0.002 -16"><span class='ocrx_word' id='word_1_145' title='bbox 120 1622 360 1685; x_wconf 82' lang='grc' dir='ltr'><strong><em>κοσμημένοι</em></strong></span> <span class='ocrx_word' id='word_1_146' title='bbox 381 1621 485 1676; x_wconf 76' lang='grc' dir='ltr'><strong><em>ἔσαν,</em></strong></span> <span class='ocrx_word' id='word_1_147' title='bbox 509 1620 584 1667; x_wconf 73' lang='grc' dir='ltr'><strong><em>καὶ</em></strong></span> <span class='ocrx_word' id='word_1_148' title='bbox 607 1622 641 1667; x_wconf 92' lang='grc' dir='ltr'><strong><em>ἐν</em></strong></span> <span class='ocrx_word' id='word_1_149' title='bbox 664 1620 776 1683; x_wconf 78' lang='grc' dir='ltr'><strong><em>μέρεϊ</em></strong></span> <span class='ocrx_word' id='word_1_150' title='bbox 794 1620 958 1666; x_wconf 79' lang='grc' dir='ltr'><strong><em>ἕκαστοι</em></strong></span> <span class='ocrx_word' id='word_1_151' title='bbox 985 1621 1203 1683; x_wconf 79' lang='grc' dir='ltr'><strong><em>ἐμάχοντο,</em></strong></span> <span class='ocrx_word' id='word_1_152' title='bbox 1229 1618 1332 1672; x_wconf 80' lang='grc' dir='ltr'><strong><em>πλῆν</em></strong></span> <span class='ocrx_word' id='word_1_153' title='bbox 1359 1619 1456 1666; x_wconf 88' lang='grc' dir='ltr'><strong><em>Φω-</em></strong></span> 
     </span>
     <span class='ocr_line' id='line_1_20' title="bbox 118 1695 1458 1761; baseline -0.004 -15"><span class='ocrx_word' id='word_1_154' title='bbox 118 1700 228 1746; x_wconf 82' lang='grc' dir='ltr'><strong><em>κέων·</em></strong></span> <span class='ocrx_word' id='word_1_155' title='bbox 277 1696 387 1746; x_wconf 75' lang='grc' dir='ltr'><strong><em>οὖτοι</em></strong></span> <span class='ocrx_word' id='word_1_156' title='bbox 428 1698 466 1745; x_wconf 84' lang='grc' dir='ltr'><strong><em>δέ</em></strong></span> <span class='ocrx_word' id='word_1_157' title='bbox 507 1700 545 1751; x_wconf 91' lang='grc' dir='ltr'><strong><em>ἐς</em></strong></span> <span class='ocrx_word' id='word_1_158' title='bbox 579 1696 626 1744; x_wconf 82' lang='grc' dir='ltr'><strong><em>τδ</em></strong></span> <span class='ocrx_word' id='word_1_159' title='bbox 666 1696 774 1761; x_wconf 71' lang='grc' dir='ltr'><strong><em>οὖρος</em></strong></span> <span class='ocrx_word' id='word_1_160' title='bbox 810 1698 1066 1758; x_wconf 78' lang='grc' dir='ltr'><strong><em>ἐτάχθησαν,</em></strong></span> <span class='ocrx_word' id='word_1_161' title='bbox 1109 1697 1352 1755; x_wconf 76' lang='grc' dir='ltr'><strong><em>φυλάξοντες</em></strong></span> <span class='ocrx_word' id='word_1_162' title='bbox 1389 1695 1458 1750; x_wconf 80' lang='grc' dir='ltr'><strong><em>τῆν</em></strong></span> 
     </span>
    </p>

    <p class='ocr_par' dir='ltr' id='par_1_7' title="bbox 38 1772 1458 1918">
     <span class='ocr_line' id='line_1_21' title="bbox 38 1772 1458 1840; baseline -0.003 -17"><span class='ocrx_word' id='word_1_163' title='bbox 38 1785 98 1823; x_wconf 83' lang='grc'><strong><em>10</em></strong></span> <span class='ocrx_word' id='word_1_164' title='bbox 121 1775 313 1840; x_wconf 83' lang='grc' dir='ltr'><strong><em>ἀτραπόν.</em></strong></span> <span class='ocrx_word' id='word_1_165' title='bbox 380 1777 470 1827; x_wconf 86' lang='grc' dir='ltr'><strong><em>Ὡς</em></strong></span> <span class='ocrx_word' id='word_1_166' title='bbox 493 1774 533 1822; x_wconf 76' lang='grc' dir='ltr'><strong><em>δὲ</em></strong></span> <span class='ocrx_word' id='word_1_167' title='bbox 566 1773 671 1821; x_wconf 78' lang='grc' dir='ltr'><strong><em>οὐδὲν</em></strong></span> <span class='ocrx_word' id='word_1_168' title='bbox 702 1774 875 1838; x_wconf 77' lang='grc' dir='ltr'><strong><em>εὕρισκον</em></strong></span> <span class='ocrx_word' id='word_1_169' title='bbox 898 1772 1146 1836; x_wconf 81' lang='grc' dir='ltr'><strong><em>ἀλλοιότερον</em></strong></span> <span class='ocrx_word' id='word_1_170' title='bbox 1187 1774 1228 1819; x_wconf 81' lang='grc' dir='ltr'><strong><em>οἱ</em></strong></span> <span class='ocrx_word' id='word_1_171' title='bbox 1258 1772 1458 1836; x_wconf 77' lang='grc' dir='ltr'><strong><em>Πέρσαιῆ</em></strong></span> 
     </span>
     <span class='ocr_line' id='line_1_22' title="bbox 121 1852 847 1918; baseline -0.004 -17"><span class='ocrx_word' id='word_1_172' title='bbox 121 1857 174 1918; x_wconf 76' lang='grc' dir='ltr'><strong><em>τῆ</em></strong></span> <span class='ocrx_word' id='word_1_173' title='bbox 197 1853 405 1918; x_wconf 77' lang='grc' dir='ltr'><strong><em>προτεραίῃ</em></strong></span> <span class='ocrx_word' id='word_1_174' title='bbox 428 1853 575 1915; x_wconf 79' lang='grc' dir='ltr'><strong><em>ἐνώρων,</em></strong></span> <span class='ocrx_word' id='word_1_175' title='bbox 601 1852 847 1906; x_wconf 68' lang='grc' dir='ltr'><strong><em>ἀπήλαυνον.</em></strong></span> 
     </span>
    </p>

    <p class='ocr_par' dir='ltr' id='par_1_8' title="bbox 122 1926 1459 2222">
     <span class='ocr_line' id='line_1_23' title="bbox 188 1926 1459 1992; baseline -0.002 -15"><span class='ocrx_word' id='word_1_176' title='bbox 188 1945 358 1977; x_wconf 81' lang='lat' dir='ltr'>CCXIII.</span> <span class='ocrx_word' id='word_1_177' title='bbox 427 1928 696 1992; x_wconf 87' lang='grc' dir='ltr'><strong><em>Ἀπορέοντος</em></strong></span> <span class='ocrx_word' id='word_1_178' title='bbox 737 1927 775 1974; x_wconf 78' lang='grc' dir='ltr'><strong><em>δὲ</em></strong></span> <span class='ocrx_word' id='word_1_179' title='bbox 807 1930 1006 1991; x_wconf 89' lang='grc' dir='ltr'><strong><em>βασιλῆος</em></strong></span> <span class='ocrx_word' id='word_1_180' title='bbox 1039 1926 1062 1973; x_wconf 76' lang='grc' dir='ltr'>ὅ</span> <span class='ocrx_word' id='word_1_181' title='bbox 1096 1947 1136 1974; x_wconf 92' lang='grc' dir='ltr'><strong><em>τι</em></strong></span> <span class='ocrx_word' id='word_1_182' title='bbox 1170 1929 1362 1991; x_wconf 77' lang='grc' dir='ltr'><strong><em>χρῆσεται</em></strong></span> <span class='ocrx_word' id='word_1_183' title='bbox 1401 1929 1459 1990; x_wconf 67' lang='grc' dir='ltr'><strong><em>τῷ</em></strong></span> 
     </span>
     <span class='ocr_line' id='line_1_24' title="bbox 123 2003 1458 2069; baseline -0.001 -17"><span class='ocrx_word' id='word_1_184' title='bbox 123 2005 308 2069; x_wconf 83' lang='grc' dir='ltr'><strong><em>παρεόντι</em></strong></span> <span class='ocrx_word' id='word_1_185' title='bbox 333 2005 566 2068; x_wconf 72' lang='grc' dir='ltr'><strong><em>πρηγματι,</em></strong></span> <span class='ocrx_word' id='word_1_186' title='bbox 600 2005 835 2058; x_wconf 80' lang='grc' dir='ltr'><strong><em>Ἐπιάλτης</em></strong></span> <span class='ocrx_word' id='word_1_187' title='bbox 872 2003 894 2049; x_wconf 86' lang='lat' dir='ltr'><strong><em>o‘</em></strong></span> <span class='ocrx_word' id='word_1_188' title='bbox 932 2004 1191 2068; x_wconf 70' lang='grc' dir='ltr'><strong><em>Εὐρυδήμου,</em></strong></span> <span class='ocrx_word' id='word_1_189' title='bbox 1231 2005 1321 2069; x_wconf 72' lang='grc' dir='ltr'><strong><em>ἀνὴρ</em></strong></span> <span class='ocrx_word' id='word_1_190' title='bbox 1364 2007 1458 2059; x_wconf 89' lang='grc' dir='ltr'><strong><em>Μη-</em></strong></span> 
     </span>
     <span class='ocr_line' id='line_1_25' title="bbox 122 2080 1459 2145; baseline -0.001 -17"><span class='ocrx_word' id='word_1_191' title='bbox 122 2081 242 2136; x_wconf 77' lang='grc' dir='ltr'><strong><em>λιεύς,</em></strong></span> <span class='ocrx_word' id='word_1_192' title='bbox 267 2080 358 2135; x_wconf 79' lang='grc' dir='ltr'><strong><em>ῆλθέ</em></strong></span> <span class='ocrx_word' id='word_1_193' title='bbox 382 2082 422 2127; x_wconf 80' lang='grc' dir='ltr'><strong><em>οἱ</em></strong></span> <span class='ocrx_word' id='word_1_194' title='bbox 441 2082 478 2133; x_wconf 90' lang='grc' dir='ltr'><strong><em>ἐς</em></strong></span> <span class='ocrx_word' id='word_1_195' title='bbox 499 2080 659 2141; x_wconf 88' lang='grc' dir='ltr'><strong><em>λόγους,</em></strong></span> <span class='ocrx_word' id='word_1_196' title='bbox 684 2082 733 2133; x_wconf 81' lang='grc' dir='ltr'><strong><em>ὦς</em></strong></span> <span class='ocrx_word' id='word_1_197' title='bbox 755 2081 871 2144; x_wconf 87' lang='grc' dir='ltr'><strong><em>μέγα</em></strong></span> <span class='ocrx_word' id='word_1_198' title='bbox 895 2100 935 2127; x_wconf 91' lang='grc' dir='ltr'><strong><em>τι</em></strong></span> <span class='ocrx_word' id='word_1_199' title='bbox 959 2080 1074 2145; x_wconf 82' lang='grc' dir='ltr'><strong><em>παροὶ</em></strong></span> <span class='ocrx_word' id='word_1_200' title='bbox 1097 2083 1297 2144; x_wconf 89' lang='grc' dir='ltr'><strong><em>βασιλῆος</em></strong></span> <span class='ocrx_word' id='word_1_201' title='bbox 1321 2081 1459 2128; x_wconf 86' lang='grc' dir='ltr'><strong><em>δοκέων</em></strong></span> 
     </span>
     <span class='ocr_line' id='line_1_26' title="bbox 123 2156 1459 2222; baseline 0 -17"><span class='ocrx_word' id='word_1_202' title='bbox 123 2160 322 2205; x_wconf 71' lang='grc' dir='ltr'><strong><em>οἴσεσθαι·</em></strong></span> <span class='ocrx_word' id='word_1_203' title='bbox 358 2158 499 2221; x_wconf 78' lang='grc' dir='ltr'><strong><em>ἔφρασέ</em></strong></span> <span class='ocrx_word' id='word_1_204' title='bbox 523 2176 567 2204; x_wconf 91' lang='grc' dir='ltr'><strong><em>τε</em></strong></span> <span class='ocrx_word' id='word_1_205' title='bbox 592 2157 658 2211; x_wconf 77' lang='grc' dir='ltr'><strong><em>τῆν</em></strong></span> <span class='ocrx_word' id='word_1_206' title='bbox 693 2156 876 2221; x_wconf 80' lang='grc' dir='ltr'><strong><em>ἀτραπὸν</em></strong></span> <span class='ocrx_word' id='word_1_207' title='bbox 898 2157 965 2211; x_wconf 79' lang='grc' dir='ltr'><strong><em>τῆν</em></strong></span> <span class='ocrx_word' id='word_1_208' title='bbox 990 2156 1058 2204; x_wconf 77' lang='grc' dir='ltr'><strong><em>διοὶ</em></strong></span> <span class='ocrx_word' id='word_1_209' title='bbox 1081 2162 1155 2204; x_wconf 88' lang='grc' dir='ltr'><strong><em>τοῦ</em></strong></span> <span class='ocrx_word' id='word_1_210' title='bbox 1178 2157 1303 2222; x_wconf 76' lang='grc' dir='ltr'><strong><em>οὔρεος</em></strong></span> <span class='ocrx_word' id='word_1_211' title='bbox 1325 2158 1459 2222; x_wconf 86' lang='grc' dir='ltr'><strong><em>φέρου-</em></strong></span> 
     </span>
    </p>

    <p class='ocr_par' dir='ltr' id='par_1_9' title="bbox 71 2233 1460 2604">
     <span class='ocr_line' id='line_1_27' title="bbox 71 2233 1455 2298; baseline -0.001 -16"><span class='ocrx_word' id='word_1_212' title='bbox 71 2245 97 2282; x_wconf 92' lang='grc'><em>5</em></span> <span class='ocrx_word' id='word_1_213' title='bbox 123 2254 197 2282; x_wconf 82' lang='grc' dir='ltr'><strong><em>σαν</em></strong></span> <span class='ocrx_word' id='word_1_214' title='bbox 229 2236 266 2288; x_wconf 89' lang='grc' dir='ltr'><strong><em>ἐς</em></strong></span> <span class='ocrx_word' id='word_1_215' title='bbox 298 2237 591 2298; x_wconf 84' lang='grc' dir='ltr'><strong><em>Θερμοπύλας,</em></strong></span> <span class='ocrx_word' id='word_1_216' title='bbox 622 2234 697 2280; x_wconf 73' lang='grc' dir='ltr'><strong><em>καὶ</em></strong></span> <span class='ocrx_word' id='word_1_217' title='bbox 725 2235 915 2298; x_wconf 89' lang='grc' dir='ltr'><strong><em>διέφθειρε</em></strong></span> <span class='ocrx_word' id='word_1_218' title='bbox 946 2233 1040 2288; x_wconf 72' lang='grc' dir='ltr'><strong><em>τούς</em></strong></span> <span class='ocrx_word' id='word_1_219' title='bbox 1062 2234 1196 2298; x_wconf 70' lang='grc' dir='ltr'><strong><em>ταύτῃ</em></strong></span> <span class='ocrx_word' id='word_1_220' title='bbox 1220 2235 1455 2296; x_wconf 84' lang='grc' dir='ltr'><strong><em>ὑπομείναν-</em></strong></span> 
     </span>
     <span class='ocr_line' id='line_1_28' title="bbox 122 2309 1460 2374; baseline 0.001 -16"><span class='ocrx_word' id='word_1_221' title='bbox 122 2329 201 2364; x_wconf 83' lang='grc' dir='ltr'><strong><em>τας</em></strong></span> <span class='ocrx_word' id='word_1_222' title='bbox 223 2313 437 2365; x_wconf 74' lang='grc' dir='ltr'><strong><em>Ἑλληνων.</em></strong></span> <span class='ocrx_word' id='word_1_223' title='bbox 480 2311 634 2374; x_wconf 80' lang='grc' dir='ltr'><strong><em>ὕστερον</em></strong></span> <span class='ocrx_word' id='word_1_224' title='bbox 659 2309 698 2356; x_wconf 81' lang='grc' dir='ltr'><strong><em>δέ</em></strong></span> <span class='ocrx_word' id='word_1_225' title='bbox 723 2310 856 2364; x_wconf 85' lang='grc' dir='ltr'><strong><em>δείσας</em></strong></span> <span class='ocrx_word' id='word_1_226' title='bbox 882 2311 1246 2373; x_wconf 88' lang='grc' dir='ltr'><strong><em>Λακεδαιμονίους,</em></strong></span> <span class='ocrx_word' id='word_1_227' title='bbox 1274 2311 1396 2371; x_wconf 78' lang='grc' dir='ltr'><strong><em>ἔφυγε</em></strong></span> <span class='ocrx_word' id='word_1_228' title='bbox 1421 2313 1460 2364; x_wconf 86' lang='grc' dir='ltr'><strong><em>ἐς</em></strong></span> 
     </span>
     <span class='ocr_line' id='line_1_29' title="bbox 126 2385 1458 2451; baseline 0.001 -18"><span class='ocrx_word' id='word_1_229' title='bbox 126 2388 372 2440; x_wconf 86' lang='grc' dir='ltr'><strong><em>Θεσσαλίην·</em></strong></span> <span class='ocrx_word' id='word_1_230' title='bbox 419 2388 500 2434; x_wconf 87' lang='grc' dir='ltr'><strong><em>καί</em></strong></span> <span class='ocrx_word' id='word_1_231' title='bbox 531 2389 572 2434; x_wconf 80' lang='grc' dir='ltr'><strong><em>οἱ</em></strong></span> <span class='ocrx_word' id='word_1_232' title='bbox 604 2386 787 2447; x_wconf 88' lang='grc' dir='ltr'><strong><em>φυγόντι,</em></strong></span> <span class='ocrx_word' id='word_1_233' title='bbox 831 2385 912 2434; x_wconf 75' lang='grc' dir='ltr'><strong><em>ὑπὸ</em></strong></span> <span class='ocrx_word' id='word_1_234' title='bbox 951 2391 1025 2433; x_wconf 72' lang='grc' dir='ltr'><strong><em>τῶν</em></strong></span> <span class='ocrx_word' id='word_1_235' title='bbox 1066 2386 1335 2451; x_wconf 86' lang='grc' dir='ltr'><strong><em>Πυλαγόρων,</em></strong></span> <span class='ocrx_word' id='word_1_236' title='bbox 1385 2392 1458 2434; x_wconf 76' lang='grc' dir='ltr'><strong><em>τῶν</em></strong></span> 
     </span>
     <span class='ocr_line' id='line_1_30' title="bbox 123 2462 1458 2527; baseline 0.001 -19"><span class='ocrx_word' id='word_1_237' title='bbox 123 2463 440 2525; x_wconf 85' lang='grc' dir='ltr'><strong><em>Ἀμφικτυόνων</em></strong></span> <span class='ocrx_word' id='word_1_238' title='bbox 463 2464 502 2516; x_wconf 82' lang='grc' dir='ltr'><strong><em>ἐς</em></strong></span> <span class='ocrx_word' id='word_1_239' title='bbox 524 2463 591 2517; x_wconf 79' lang='grc' dir='ltr'><strong><em>τῆν</em></strong></span> <span class='ocrx_word' id='word_1_240' title='bbox 617 2462 804 2517; x_wconf 86' lang='grc' dir='ltr'><strong><em>Πυλαίην</em></strong></span> <span class='ocrx_word' id='word_1_241' title='bbox 827 2463 1139 2526; x_wconf 84' lang='grc' dir='ltr'><strong><em>συλλεγομένων,</em></strong></span> <span class='ocrx_word' id='word_1_242' title='bbox 1163 2464 1345 2527; x_wconf 84' lang='grc' dir='ltr'><strong><em>ἀργύριον</em></strong></span> <span class='ocrx_word' id='word_1_243' title='bbox 1371 2465 1458 2510; x_wconf 84' lang='grc' dir='ltr'><strong><em>ἐπε·-</em></strong></span> 
     </span>
     <span class='ocr_line' id='line_1_31' title="bbox 121 2539 1457 2604; baseline 0.001 -19"><span class='ocrx_word' id='word_1_244' title='bbox 121 2539 320 2603; x_wconf 81' lang='grc' dir='ltr'><strong><em>κηρύχθη.</em></strong></span> <span class='ocrx_word' id='word_1_245' title='bbox 360 2540 482 2604; x_wconf 76' lang='grc' dir='ltr'><strong><em>χρόνῳ</em></strong></span> <span class='ocrx_word' id='word_1_246' title='bbox 523 2540 562 2587; x_wconf 82' lang='grc' dir='ltr'><strong><em>δέ</em></strong></span> <span class='ocrx_word' id='word_1_247' title='bbox 602 2540 771 2603; x_wconf 76' lang='grc' dir='ltr'><strong><em>ὕστερον,</em></strong></span> <span class='ocrx_word' id='word_1_248' title='bbox 796 2543 990 2594; x_wconf 86' lang='grc' dir='ltr'><strong><em>κατῆλθε</em></strong></span> <span class='ocrx_word' id='word_1_249' title='bbox 1030 2539 1112 2604; x_wconf 76' lang='grc' dir='ltr'><strong><em>γοὶρ</em></strong></span> <span class='ocrx_word' id='word_1_250' title='bbox 1135 2542 1171 2594; x_wconf 86' lang='grc' dir='ltr'><strong><em>ἐς</em></strong></span> <span class='ocrx_word' id='word_1_251' title='bbox 1204 2540 1457 2604; x_wconf 74' lang='grc' dir='ltr'><strong><em>Ἀντικύρην,</em></strong></span> 
     </span>
    </p>

    <p class='ocr_par' dir='ltr' id='par_1_10' title="bbox 45 2615 1460 2831">
     <span class='ocr_line' id='line_1_32' title="bbox 45 2615 1460 2680; baseline 0.001 -19"><span class='ocrx_word' id='word_1_252' title='bbox 45 2623 101 2661; x_wconf 82' lang='grc'><strong><em>10</em></strong></span> <span class='ocrx_word' id='word_1_253' title='bbox 124 2615 308 2662; x_wconf 84' lang='grc' dir='ltr'><strong><em>ἀπέθανε</em></strong></span> <span class='ocrx_word' id='word_1_254' title='bbox 344 2615 424 2663; x_wconf 80' lang='grc' dir='ltr'><strong><em>ὑπδ</em></strong></span> <span class='ocrx_word' id='word_1_255' title='bbox 445 2615 700 2672; x_wconf 84' lang='grc' dir='ltr'><strong><em>Ἀθηνάδεω,</em></strong></span> <span class='ocrx_word' id='word_1_256' title='bbox 734 2615 866 2679; x_wconf 77' lang='grc' dir='ltr'><strong><em>ἀνδρδς</em></strong></span> <span class='ocrx_word' id='word_1_257' title='bbox 890 2617 1118 2680; x_wconf 74' lang='grc' dir='ltr'><strong><em>Τρηχινίου.</em></strong></span> <span class='ocrx_word' id='word_1_258' title='bbox 1157 2616 1177 2662; x_wconf 86' lang='grc' dir='ltr'>ὁ</span> <span class='ocrx_word' id='word_1_259' title='bbox 1210 2615 1249 2663; x_wconf 78' lang='grc' dir='ltr'><strong><em>δὲ</em></strong></span> <span class='ocrx_word' id='word_1_260' title='bbox 1283 2615 1460 2670; x_wconf 89' lang='grc' dir='ltr'><strong><em>Ἀθηνά-</em></strong></span> 
     </span>
     <span class='ocr_line' id='line_1_33' title="bbox 124 2689 1459 2755; baseline -0.001 -17"><span class='ocrx_word' id='word_1_261' title='bbox 124 2692 191 2745; x_wconf 89' lang='grc' dir='ltr'><strong><em>δης</em></strong></span> <span class='ocrx_word' id='word_1_262' title='bbox 221 2689 338 2745; x_wconf 73' lang='grc' dir='ltr'><strong><em>οὗτος</em></strong></span> <span class='ocrx_word' id='word_1_263' title='bbox 372 2693 579 2740; x_wconf 78' lang='grc' dir='ltr'><strong><em>ἀπέκτεινε</em></strong></span> <span class='ocrx_word' id='word_1_264' title='bbox 613 2692 684 2755; x_wconf 81' lang='grc' dir='ltr'><strong><em>μὲν</em></strong></span> <span class='ocrx_word' id='word_1_265' title='bbox 714 2691 955 2739; x_wconf 87' lang='grc' dir='ltr'><strong><em>Ἐπιάλτεα</em></strong></span> <span class='ocrx_word' id='word_1_266' title='bbox 987 2691 1033 2739; x_wconf 91' lang='grc' dir='ltr'><strong><em>δι’</em></strong></span> <span class='ocrx_word' id='word_1_267' title='bbox 1064 2693 1191 2746; x_wconf 71' lang='grc' dir='ltr'><strong><em>ἄλλην</em></strong></span> <span class='ocrx_word' id='word_1_268' title='bbox 1222 2692 1363 2748; x_wconf 88' lang='grc' dir='ltr'><strong><em>αι’τίην,</em></strong></span> <span class='ocrx_word' id='word_1_269' title='bbox 1391 2690 1459 2746; x_wconf 79' lang='grc' dir='ltr'><strong><em>τῆν</em></strong></span> 
     </span>
     <span class='ocr_line' id='line_1_34' title="bbox 128 2767 1459 2831; baseline 0.001 -17"><span class='ocrx_word' id='word_1_270' title='bbox 128 2768 207 2827; x_wconf 75' lang='grc' dir='ltr'><strong><em>ἐγῶ</em></strong></span> <span class='ocrx_word' id='word_1_271' title='bbox 229 2770 264 2816; x_wconf 88' lang='grc' dir='ltr'><strong><em>ἐν</em></strong></span> <span class='ocrx_word' id='word_1_272' title='bbox 287 2775 386 2816; x_wconf 82' lang='grc' dir='ltr'><strong><em>τοῖσι</em></strong></span> <span class='ocrx_word' id='word_1_273' title='bbox 423 2769 571 2817; x_wconf 75' lang='grc' dir='ltr'><strong><em>ὄπισθε</em></strong></span> <span class='ocrx_word' id='word_1_274' title='bbox 602 2769 759 2829; x_wconf 90' lang='grc' dir='ltr'><strong><em>λόγοισι</em></strong></span> <span class='ocrx_word' id='word_1_275' title='bbox 794 2769 988 2831; x_wconf 84' lang='grc' dir='ltr'><strong><em>σημανέω·</em></strong></span> <span class='ocrx_word' id='word_1_276' title='bbox 1025 2771 1199 2831; x_wconf 73' lang='grc' dir='ltr'><strong><em>ἐτιμῆθη</em></strong></span> <span class='ocrx_word' id='word_1_277' title='bbox 1221 2768 1354 2831; x_wconf 85' lang='grc' dir='ltr'><strong><em>μέντοι</em></strong></span> <span class='ocrx_word' id='word_1_278' title='bbox 1379 2767 1459 2816; x_wconf 72' lang='grc' dir='ltr'><strong><em>ὑπὸ</em></strong></span> 
     </span>
    </p>
   </div>
   <div class='ocr_carea' id='block_1_3' title="bbox 1482 1927 1686 2570">
    <p class='ocr_par' dir='ltr' id='par_1_11' title="bbox 1482 1927 1686 2570">
     <span class='ocr_line' id='line_1_35' title="bbox 1486 1927 1685 1967; baseline -0.005 -8"><span class='ocrx_word' id='word_1_279' title='bbox 1486 1928 1565 1959; x_wconf 86' lang='lat' dir='ltr'><strong><em>Mox</em></strong></span> <span class='ocrx_word' id='word_1_280' title='bbox 1580 1927 1685 1967; x_wconf 86' lang='lat' dir='ltr'>prodi-</span> 
     </span>
     <span class='ocr_line' id='line_1_36' title="bbox 1484 1972 1654 2002; baseline -0.006 0"><span class='ocrx_word' id='word_1_281' title='bbox 1484 1978 1536 2002; x_wconf 79' lang='lat' dir='ltr'><strong><em>tur</em></strong></span> <span class='ocrx_word' id='word_1_282' title='bbox 1553 1972 1654 2001; x_wconf 84' lang='lat' dir='ltr'>Xerxi</span> 
     </span>
     <span class='ocr_line' id='line_1_37' title="bbox 1485 2014 1686 2053; baseline 0.01 -9"><span class='ocrx_word' id='word_1_283' title='bbox 1485 2016 1524 2044; x_wconf 85' lang='lat' dir='ltr'><strong><em>ab</em></strong></span> <span class='ocrx_word' id='word_1_284' title='bbox 1540 2014 1686 2053; x_wconf 88' lang='lat' dir='ltr'>Ephialte</span> 
     </span>
     <span class='ocr_line' id='line_1_38' title="bbox 1487 2057 1635 2088; baseline -0.007 0"><span class='ocrx_word' id='word_1_285' title='bbox 1487 2057 1635 2088; x_wconf 85' lang='lat' dir='ltr'>Maliensi</span> 
     </span>
     <span class='ocr_line' id='line_1_39' title="bbox 1484 2101 1683 2141; baseline 0.005 -11"><span class='ocrx_word' id='word_1_286' title='bbox 1484 2101 1600 2135; x_wconf 85' lang='lat' dir='ltr'>semita,</span> <span class='ocrx_word' id='word_1_287' title='bbox 1623 2111 1683 2141; x_wconf 85' lang='lat' dir='ltr'><strong><em>qua</em></strong></span> 
     </span>
     <span class='ocr_line' id='line_1_40' title="bbox 1488 2144 1656 2174; baseline 0 -1"><span class='ocrx_word' id='word_1_288' title='bbox 1488 2144 1656 2174; x_wconf 79' lang='lat' dir='ltr'><strong>Persarum</strong></span> 
     </span>
     <span class='ocr_line' id='line_1_41' title="bbox 1484 2186 1683 2226; baseline 0.005 -11"><span class='ocrx_word' id='word_1_289' title='bbox 1484 2197 1598 2226; x_wconf 85' lang='lat' dir='ltr'>agmen</span> <span class='ocrx_word' id='word_1_290' title='bbox 1626 2186 1683 2217; x_wconf 84' lang='lat' dir='ltr'>cir-</span> 
     </span>
     <span class='ocr_line' id='line_1_42' title="bbox 1484 2229 1636 2259; baseline 0 0"><span class='ocrx_word' id='word_1_291' title='bbox 1484 2229 1636 2259; x_wconf 85' lang='lat' dir='ltr'><strong>cumduc-</strong></span> 
     </span>
     <span class='ocr_line' id='line_1_43' title="bbox 1483 2272 1661 2303; baseline 0.006 -1"><span class='ocrx_word' id='word_1_292' title='bbox 1483 2277 1553 2302; x_wconf 90' lang='lat' dir='ltr'><strong><em>tum</em></strong></span> <span class='ocrx_word' id='word_1_293' title='bbox 1572 2272 1661 2303; x_wconf 88' lang='lat' dir='ltr'><strong>Grae-</strong></span> 
     </span>
     <span class='ocr_line' id='line_1_44' title="bbox 1484 2321 1684 2356; baseline 0.01 -12"><span class='ocrx_word' id='word_1_294' title='bbox 1484 2324 1536 2344; x_wconf 90' lang='lat' dir='ltr'><strong><em>cos</em></strong></span> <span class='ocrx_word' id='word_1_295' title='bbox 1558 2324 1576 2344; x_wconf 90' lang='lat' dir='ltr'>a</span> <span class='ocrx_word' id='word_1_296' title='bbox 1596 2321 1684 2356; x_wconf 86' lang='lat' dir='ltr'>tergo</span> 
     </span>
     <span class='ocr_line' id='line_1_45' title="bbox 1482 2357 1652 2389; baseline 0.012 -2"><span class='ocrx_word' id='word_1_297' title='bbox 1482 2357 1652 2389; x_wconf 82' lang='lat' dir='ltr'>invaderet.</span> 
     </span>
     <span class='ocr_line' id='line_1_46' title="bbox 1485 2401 1664 2440; baseline 0.011 -10"><span class='ocrx_word' id='word_1_298' title='bbox 1485 2401 1582 2430; x_wconf 86' lang='lat' dir='ltr'>Poena</span> <span class='ocrx_word' id='word_1_299' title='bbox 1595 2411 1664 2440; x_wconf 87' lang='lat' dir='ltr'>pro-</span> 
     </span>
     <span class='ocr_line' id='line_1_47' title="bbox 1484 2443 1665 2475; baseline 0.011 -2"><span class='ocrx_word' id='word_1_300' title='bbox 1484 2443 1575 2473; x_wconf 87' lang='lat' dir='ltr'>ditori</span> <span class='ocrx_word' id='word_1_301' title='bbox 1589 2443 1665 2475; x_wconf 86' lang='lat' dir='ltr'>irro-</span> 
     </span>
     <span class='ocr_line' id='line_1_48' title="bbox 1484 2487 1663 2527; baseline 0.006 -11"><span class='ocrx_word' id='word_1_302' title='bbox 1484 2492 1565 2525; x_wconf 84' lang='lat' dir='ltr'>gata,</span> <span class='ocrx_word' id='word_1_303' title='bbox 1580 2487 1663 2527; x_wconf 85' lang='lat' dir='ltr'>ejus-</span> 
     </span>
     <span class='ocr_line' id='line_1_49' title="bbox 1484 2529 1684 2570; baseline 0.01 -11"><span class='ocrx_word' id='word_1_304' title='bbox 1484 2539 1546 2570; x_wconf 84' lang='lat' dir='ltr'><strong><em>que</em></strong></span> <span class='ocrx_word' id='word_1_305' title='bbox 1576 2529 1684 2561; x_wconf 85' lang='lat' dir='ltr'><strong>caedes.</strong></span> 
     </span>
    </p>
   </div>
  </div>
 </body>
</html>
