1836 3156
731 116 959 148 INDEX.
1515 112 1556 141 25

162 215 241 254 rum,
258 204 298 235 vi.
322 206 372 236 75.
388 203 540 234 Eleusine
560 204 674 243 sepulti
692 204 811 246 Argivi,

162 258 201 277 ix.
219 252 268 278 27.

118 290 292 321 Eleusiniae
310 289 432 320 Cereris
443 289 605 329 templum,
624 289 664 319 ix.
677 293 727 321 57.
742 293 812 320 101.

117 333 196 367 Elis,
211 332 389 362 REtolorum
405 332 537 369 colonia,
555 333 617 362 viii.
632 336 681 363 75.

117 375 272 405 Eleorum
287 376 493 415 agonothetae,
511 376 549 404 vi.
570 378 639 405 127.
656 375 809 405 Eleorum

155 418 365 458 justissimum
387 428 422 447 ac
444 418 619 448 maximum
641 423 806 453 certamen,

157 461 188 490 ii.
207 464 275 491 160.
290 460 376 500 qnod
391 466 495 490 tamen
520 467 666 501 arguunt,
686 460 809 500 AEgyp-

157 503 201 538 tii,
217 503 295 533 ibid.
311 503 383 532 Elei
395 503 580 542 Minyarum
596 503 712 542 oppida
727 503 811 532 dele-

156 556 235 580 vere,
264 546 303 575 iv.
338 550 406 576 148.
451 546 523 576 Elei
548 547 709 576 venientes
740 552 811 584 post

155 588 301 628 proelium
316 598 389 618 suos
417 588 513 618 duces
528 589 620 619 exilio
636 599 694 619 cur
707 588 808 618 mulc-

156 632 260 667 tarint,
284 631 326 662 ix.
346 635 396 661 77.
424 631 457 660 in
476 632 556 662 Eleo
570 642 645 672 agro
660 631 739 661 muli
753 641 810 661 cur

156 680 314 715 nequeant
329 674 424 714 gigni,
440 674 478 704 iv.
493 678 545 704 50.

115 716 234 747 Elorus
248 717 376 752 flumen,
390 718 439 746 vii.
462 721 531 748 154.

115 759 271 800 Enagees,
288 762 319 790 id
342 767 384 790 est
395 762 583 799 piaculares,
601 760 620 789 i.
642 763 694 789 61.
716 770 744 788 v.
760 762 811 789 71.

114 803 264 836 Enarees,
281 802 504 832 divinationem
519 813 538 832 a
556 803 678 832 Venere
692 802 808 832 haben·

154 852 209 880 tes,
226 845 245 874 ἱ.
264 848 333 876 105.
346 845 386 874 iv.
402 849 452 876 67.

118 887 301 922 Enchelees,
316 899 343 917 v.
360 892 412 918 61.

117 931 222 966 Eneti,
240 931 294 971 qui
310 937 385 961 sunt
402 941 440 960 ex
458 930 573 970 Illyriis
583 936 614 960 et
625 940 734 960 eorum
748 929 808 965 lex,

157 974 176 1003 i.
194 977 264 1005 196.
281 974 384 1008 Eneti‚
402 973 435 1002 in
452 973 559 1007 Adria,
577 983 606 1002 v.
628 978 656 1005 9.

116 1016 277 1050 Enienses,
295 1016 345 1045 vii.
366 1019 435 1046 152.
450 1019 518 1046 185.
539 1019 611 1047 198.

114 1059 259 1098 Enipeus
274 1058 389 1089 fluvius
405 1058 584 1094 Thessaliae,
601 1057 652 1088 vii.
672 1061 742 1090 129.

116 1101 353 1136 Enneacrunos,
370 1101 410 1131 vi.
427 1105 497 1132 157.

118 1144 314 1180 Enneaodoi‚
330 1144 380 1174 vii.
399 1148 468 1174 114.

113 1186 212 1217 Eordi
227 1187 344 1226 populi.
357 1186 407 1216 vii.
427 1190 495 1218 185.

114 1229 280 1270 Epaphus,
293 1230 347 1270 qui
359 1236 390 1259 et
408 1229 494 1269 Apis,
506 1229 535 1259 ii.
555 1232 625 1260 155.
633 1229 676 1259 iii.
692 1230 743 1260 27.
759 1233 808 1260 28.

115 1273 244 1312 Epaphi
256 1274 350 1303 boves
362 1283 469 1308 mares,
483 1273 514 1302 ii.
533 1276 585 1302 38.

115 1316 270 1355 Ephesus,
288 1316 396 1345 civitas
415 1316 539 1349 Ionum,
565 1316 585 1345 i.
601 1319 653 1345 42.
667 1315 699 1345 ii.
716 1319 764 1345 10.
781 1322 810 1345 et

159 1363 227 1390 158.
245 1369 282 1388 ex
301 1359 428 1398 Epheso
443 1358 483 1388 ad
501 1357 605 1388 Sardis
619 1358 686 1392 iter,
709 1368 737 1387 v.
761 1361 811 1389 54.

158 1402 356 1441 Ephesinum
371 1401 535 1440 templum,
554 1401 585 1431 ii.
606 1404 675 1431 148.
702 1401 810 1440 Ephe-

154 1445 191 1474 sii
215 1445 329 1475 obsessi
343 1456 361 1475 a
382 1445 488 1475 Croeso
513 1445 622 1474 urbem
638 1454 726 1473 suam
756 1444 811 1473 do-

158 1494 236 1518 nant
264 1488 387 1522 Dianae.
409 1486 430 1517 i.
461 1491 510 1517 26.
535 1487 662 1525 Ephesii
693 1486 748 1516 soli
772 1496 810 1516 ex

160 1531 292 1561 Ionibus
307 1532 346 1560 ab
366 1530 525 1569 Apaturiis
546 1530 634 1560 festis
655 1535 808 1565 arcentur,

160 1579 191 1603 et
202 1583 268 1608 cur,
285 1574 305 1603 i.
325 1577 394 1604 147.

119 1616 239 1656 Ephori
260 1617 385 1655 Spartae,
404 1617 445 1646 ix.
463 1621 492 1647 6.

119 1659 261 1699 Epialtes
274 1659 448 1699 Eurydemi
456 1660 547 1695 filius,
564 1658 615 1689 vii.
627 1662 697 1688 215.
710 1658 808 1688 Ther-

159 1703 357 1742 mopylarum
383 1703 530 1742 proditor,
560 1702 609 1731 vii.
636 1705 709 1732 215.
738 1704 811 1731 214.

159 1752 213 1776 etc.
229 1745 296 1785 ejus
310 1745 388 1786 fuga
403 1752 433 1775 et
444 1745 596 1776 interitus.
613 1744 664 1774 vii.
677 1747 750 1774 215.

120 1787 330 1827 Epicichlides
348 1789 492 1824 Homeri,
509 1788 539 1817 ii.
551 1791 602 1818 24-

120 1830 280 1871 Epicydes
298 1830 412 1861 Glauci
428 1838 524 1870 pater,
541 1831 580 1860 vi.
596 1834 648 1861 86.

122 1873 312 1912 Epidaurus,
329 1874 439 1908 insula,
461 1880 554 1903 antea
570 1874 698 1903 OEnone
720 1872 810 1907 dicta,

161 1917 221 1946 viii.
238 1921 288 1948 46.
306 1916 488 1956 Epidaurus
503 1916 690 1956 expugnata,
703 1915 743 1950 iii,
762 1919 814 1946 52.

859 202 954 244 Equa
967 202 1106 241 leporem
1129 201 1228 235 enixa,
1243 199 1294 230 vii.
1309 202 1358 230 57.
1384 208 1472 238 equae
1487 202 1550 227 tres

900 245 1101 285 Olympiacas
1115 244 1257 274 victorias
1271 242 1399 280 adeptae,
1422 240 1475 270 ubi
1498 251 1545 270 se·

896 288 1006 327 pultae‚
1030 287 1069 317 vi.
1088 291 1156 318 105.
1182 297 1270 327 equae
1301 283 1469 315 Thessaliae
1490 293 1544 322 op-

895 331 989 366 timae,
1006 331 1056 360 vii.
1082 334 1151 362 196.
1176 329 1262 369 equis
1285 328 1384 367 pisces
1408 337 1464 366 pro
1489 336 1544 365 pa-

895 373 972 403 bulo
987 373 1050 409 ubi,
1067 384 1095 403 v.
1115 377 1162 403 16.
1177 373 1248 412 equi
1266 370 1409 401 colubros
1423 375 1541 405 vorant,

894 415 914 445 i.
931 419 980 447 78.
997 416 1068 456 equi
1083 415 1161 446 sacri
1176 413 1299 444 candidi
1314 414 1347 443 in
1365 412 1438 452 Cyri
1454 422 1541 441 exer-

894 459 968 495 citu,
996 459 1016 488 i.
1045 463 1113 489 189.
1143 458 1215 499 equi
1243 457 1320 486 sacri
1344 456 1376 485 in
1407 454 1543 485 exercitu

899 502 1025 538 Xerxis,
1041 501 1091 531 vii.
1108 504 1158 532 55.
1181 501 1252 541 equi
1263 498 1403 529 fluviales
1421 498 1543 538 AEgyp.

896 544 947 574 tiis
976 545 1062 580 sacri,
1087 554 1194 574 eorum
1218 549 1337 575 natura,
1354 547 1386 571 et
1407 541 1542 580 descrip-

896 587 947 621 tio,
964 587 995 616 ii.
1015 591 1064 616 71.
1079 597 1175 627 equos
1199 586 1356 626 praecipue
1376 583 1542 613 immolant

899 630 1029 669 Scythae,
1046 629 1086 659 iv.
1109 633 1160 660 61.
1175 628 1247 669 equi
1267 629 1319 657 ubi
1338 626 1403 657 Soli
1427 627 1540 655 immo-

894 671 1007 707 lantur,
1024 672 1046 702 i.
1059 676 1130 703 216.
1146 682 1246 712 equus
1268 670 1423 700 camelum
1445 669 1543 698 refor-

894 715 993 745 midat
1015 722 1047 745 et
1075 715 1145 745 ideo
1174 719 1283 745 contra
1304 723 1400 753 equos
1428 711 1540 741 cameli

895 757 1048 793 instructi,
1065 758 1085 787 i.
1101 762 1149 788 80.
1175 757 1226 787 vii.
1250 760 1299 787 87.
1321 755 1405 794 apud
1432 755 1543 784 Persas

895 801 1051 830 habebant
1079 801 1215 835 nomina,
1243 799 1286 829 iii.
1311 802 1359 827 88.
1390 807 1543 838 equorum

899 845 1059 884 regiorum
1067 844 1188 879 foetura,
1199 843 1218 873 i.
1235 846 1303 873 192.
1313 851 1408 882 equos
1418 839 1543 880 quadri-

892 886 990 927 jugos
1006 887 1141 926 jungere
1170 886 1273 916 Graeei
1288 886 1326 915 ab
1355 883 1441 914 Afris
1463 881 1544 912 didi-

898 939 975 964 cere,
992 930 1030 959 iv.
1060 933 1128 960 189.
1151 939 1247 970 equos
1267 928 1307 958 ad
1337 932 1486 956 venatum
1511 924 1545 954 in

897 978 1038 1002 ventrem
1054 974 1168 1002 cubare
1182 973 1308 1002 edoctos
1329 971 1452 1000 ducunt
1476 969 1547 1006 Iyr-

894 1024 948 1051 cae,
978 1015 1017 1045 iv.
1045 1019 1095 1044 22.
1109 1015 1181 1056 equi
1200 1015 1411 1055 Sigynnarum
1426 1010 1543 1051 quales,

894 1068 922 1087 v.
937 1063 967 1089 9.
982 1058 1054 1098 equi
1075 1065 1205 1097 satrapae
1237 1055 1411 1096 Babylonii,
1435 1055 1455 1083 i.
1476 1057 1544 1085 192.

895 1101 966 1141 equi
985 1100 1149 1131 Indorum.
1163 1101 1204 1130 iii.
1224 1105 1293 1132 106.
1309 1099 1380 1140 equi
1392 1098 1545 1128 silvestres

894 1143 1027 1179 candidi,
1057 1144 1097 1173 iv.
1127 1147 1177 1175 52.
1199 1153 1352 1184 equorum
1373 1142 1460 1182 jubae
1489 1150 1545 1178 pro

894 1186 1001 1217 cristis.
1032 1186 1082 1216 vii.
1099 1191 1148 1217 70.
1179 1188 1249 1227 equi
1265 1186 1328 1216 vim
1355 1184 1477 1224 hyemis
1498 1183 1544 1212 fe-

895 1235 971 1259 runt
986 1230 1018 1259 in
1036 1229 1169 1270 Scythia,
1193 1237 1289 1270 quam
1311 1238 1369 1258 nec
1384 1227 1463 1257 muli
1486 1235 1543 1255 nec

895 1272 980 1307 asini,
998 1273 1036 1301 iv.
1053 1277 1103 1302 28.
1118 1273 1191 1313 equi
1206 1271 1436 1312 quinquaginta
1445 1276 1545 1299 stran-

895 1314 1047 1355 gulantur
1061 1315 1101 1345 ad
1123 1315 1266 1354 sepulcra
1280 1325 1391 1355 regum
1417 1313 1547 1352 Scytha-

895 1368 976 1393 rum,
995 1359 1034 1387 iv.
1051 1362 1099 1389 72.
1118 1358 1189 1398 equi
1213 1358 1319 1392 Nisaei,
1337 1357 1379 1386 iii.
1405 1360 1474 1386 106.
1495 1353 1546 1384 viii.

897 1405 948 1431 40.
963 1401 1035 1441 equi
1050 1401 1112 1431 albi
1122 1401 1231 1430 triceni
1246 1411 1264 1430 a
1280 1400 1429 1431 Cilicibus
1447 1398 1548 1428 Dario

896 1444 991 1483 pendi
1007 1444 1096 1478 soliti,
1112 1444 1155 1473 iii.
1171 1448 1212 1475 90
1243 1443 1315 1484 equi
1329 1442 1453 1473 hinnitu
1479 1442 1548 1472 Da·

897 1487 962 1517 rius
976 1487 1135 1527 quomodo
1150 1497 1284 1527 regnum
1300 1492 1417 1518 nactus,
1433 1485 1478 1514 iii.
1495 1487 1546 1515 85.

898 1533 948 1560 86.
964 1533 1003 1561 87
1025 1541 1125 1570 equus
1141 1530 1277 1560 Masistii
1298 1529 1402 1568 ipsum
1418 1527 1544 1560 excutit,

896 1573 938 1602 ix·
957 1576 1006 1602 22.
1033 1583 1114 1613 equo
1137 1583 1227 1603 crura
1249 1583 1323 1603 cum
1338 1571 1471 1612 genibus
1493 1572 1546 1600 ab·

897 1616 996 1650 scissa,
1014 1615 1100 1656 quod
1125 1615 1290 1645 dominum
1316 1619 1469 1648 straverat,
1496 1613 1548 1642 vii.

898 1662 948 1688 88.
971 1669 1072 1699 equus
1089 1658 1214 1698 Artybii
1244 1658 1277 1687 in
1293 1664 1448 1687 armatum
1470 1656 1547 1696 erigi

897 1701 1015 1731 doetus.
1030 1712 1058 1731 v.
1076 1705 1145 1731 111.

856 1744 1054 1784 Equisonem
1068 1744 1150 1784 regis
1168 1745 1291 1784 Scythae
1313 1753 1388 1773 cum
1402 1753 1475 1783 rege
1490 1742 1544 1773 de·

898 1787 1009 1817 functo
1031 1787 1194 1826 sepeliunt.
1217 1787 1258 1817 iv.
1274 1790 1323 1816 71.
1345 1786 1503 1826 equisonis
1517 1792 1549 1815 et

898 1830 971 1870 equi
984 1829 1099 1860 virtute
1123 1830 1242 1860 Darius
1264 1829 1305 1859 ad
1319 1839 1454 1869 regnum
1479 1839 1550 1868 pro-

898 1878 1012 1906 motus,
1029 1872 1073 1902 iii.
1086 1877 1136 1903 85.
1152 1876 1202 1903 86.
1218 1876 1268 1902 87.

859 1915 1031 1956 Equitatus
1047 1915 1164 1945 Xerxis
1188 1921 1333 1956 quantus,
1350 1914 1401 1944 vii.
1416 1918 1468 1944 84.
1492 1922 1548 1945 etc.

164 1960 319 1999 Epidauri
347 1965 500 1999 tyrannus
526 1958 661 1993 Procles,
690 1958 733 1988 iii.
763 1961 813 1988 50.
860 1958 1012 1998 Equitare
1027 1958 1141 1988 docent
1155 1957 1269 1988 liberos
1283 1957 1388 1987 statim
1403 1967 1422 1986 a
1436 1957 1547 1998 quinto

164 2002 337 2042 Epidaurii‚
351 2002 370 2032 i.
389 2006 458 2032 146.
474 2001 639 2041 Epidaurii
650 2000 814 2031 oraculum

902 2011 985 2030 anno
996 2001 1110 2035 Persae,
1126 2001 1144 2030 i.
1166 2005 1237 2032 156.

162 2045 343 2082 consulunt,
361 2056 462 2086 quum
485 2055 595 2075 eorum
610 2044 704 2074 tellus
734 2043 813 2073 nihil
858 2044 993 2084 Equites
1012 2044 1140 2083 Spartae,
1160 2043 1211 2073 vii.
1226 2047 1298 2074 124.

161 2090 354 2127 produceret,
378 2099 407 2118 v·
439 2092 489 2118 82.
520 2087 701 2127 Epidauriis
728 2086 812 2116 oleas
858 2087 1012 2117 Erasinus
1034 2086 1161 2123 fluvius,
1182 2087 1220 2116 vi.
1238 2090 1288 2117 76.
1306 2085 1485 2117 Cleomenis
1511 2087 1549 2115 de

161 2132 350 2171 permittunt
378 2131 597 2166 Athenienses,
614 2136 645 2160 et
659 2130 740 2160 inter
763 2140 815 2159 eos

163 2182 254 2213 pacta
268 2181 299 2204 et
310 2181 387 2210 acta,
406 2185 434 2205 V.
460 2177 510 2204 82.
527 2177 576 2203 85.
593 2177 644 2202 84.
660 2173 698 2202 iis
723 2172 814 2212 AEgi-

165 2224 246 2248 netae
268 2223 358 2247 antea
388 2223 540 2256 parenteS,
572 2217 611 2246 ab
639 2216 676 2245 iis
702 2216 814 2245 descis-

165 2267 250 2293 cunt,
267 2267 298 2290 et
314 2260 417 2290 clades
426 2260 575 2294 inferunt,
592 2269 621 2288 v.
637 2262 688 2288 85.

127 2303 266 2344 Epigoni
286 2303 430 2338 Homeri,
448 2304 473 2332 si
485 2301 580 2332 modo
595 2302 662 2342 ejus
677 2307 759 2337 sunt,
777 2300 817 2330 iv.

164 2350 217 2377 32.

123 2390 330 2430 Epigramma
359 2389 437 2419 vatis
463 2388 631 2428 Megistiae,
663 2387 714 2416 vii.
745 2390 817 2416 228.

168 2432 364 2463 Mandroclis
382 2431 485 2462 Samii.
514 2431 554 2460 iv.
581 2434 632 2460 88.
662 2430 815 2469 epigram-

166 2482 251 2505 mata
284 2475 517 2514 Spartiatarum,
560 2473 614 2513 qui
643 2474 818 2503 occubuere

166 2518 206 2548 ad
231 2517 465 2557 Tbermopylas.
495 2517 546 2546 vii.
568 2520 639 2546 228.
660 2515 819 2554 tripodum

167 2561 264 2591 literis
282 2560 428 2591 Cadmeis
451 2560 556 2594 incisa,
574 2570 603 2588 V.
618 2563 668 2589 59
695 2562 746 2589 60.
769 2561 819 2587 61.

166 2603 381 2639 Ἐπισκύθισον,
398 2602 431 2632 id
441 2609 494 2637 est,
510 2604 575 2642 Age
584 2604 746 2642 Scyclmm:
761 2602 819 2630 hoc

168 2654 225 2683 est,
243 2646 505 2685 intemperantius
519 2646 598 2677 bibe,
615 2645 654 2674 vi.
671 2648 720 2673 84.

128 2691 340 2730 Epistrophus
384 2688 618 2728 Amphimnesti
646 2693 740 2727 pater,
783 2686 823 2715 vi.

173 2737 242 2763 127.

129 2776 253 2815 Epium
267 2775 428 2814 oppidum,
446 2775 483 2804 iv.
504 2778 571 2805 148.

128 2818 279 2858 Epizelus
319 2819 518 2858 Cuphagorae
546 2817 638 2851 filius,
669 2816 708 2846 vi.

167 2872 270 2891 caecus
285 2861 319 2891 in
333 2863 399 2891 acie
424 2859 585 2901 quomodo
613 2860 723 2896 factus,
747 2858 818 2888 ibid.

129 2904 245 2945 Epulae
261 2904 294 2933 in
315 2904 414 2944 festis,
430 2904 449 2935 i.
467 2907 520 2935 51.

212 2947 292 2978 VoL.
310 2946 359 2978 II.
814 2955 834 2973 n

903 2140 940 2159 eo
955 2130 1084 2165 dictum,
1101 2129 1174 2159 ibid.

861 2173 1057 2202 Erechtheus
1072 2183 1126 2202 rex
1145 2172 1399 2208 Atheniensium,
1422 2171 1483 2201 viii.
1499 2175 1549 2201 44.

903 2215 1056 2254 Orithyiae
1070 2221 1167 2254 pater,
1191 2215 1241 2245 vii.
1259 2219 1328 2245 189.
1350 2216 1389 2244 ab
1406 2214 1550 2244 Homero

901 2257 1054 2293 laudatus,
1072 2258 1103 2287 ii.
1119 2261 1168 2287 28.
1184 2258 1213 2287 ei
1227 2257 1312 2296 apud
1330 2258 1446 2287 Athen.
1467 2267 1553 2286 sacra

902 2301 1039 2330 afferunt
1065 2300 1240 2339 Epfflaurii,
1268 2311 1297 2329 v.
1320 2304 1369 2330 82.
1391 2301 1458 2341 ejus
1472 2306 1552 2330 tem-

902 2343 992 2382 plum
1007 2344 1041 2372 in
1056 2353 1124 2373 arce
1144 2343 1394 2378 Atheniensium,
1418 2343 1479 2372 viii.
1501 2347 1551 2374 55.

862 2386 1015 2416 Eresione
1041 2386 1190 2423 Homeri,
1210 2386 1241 2415 ii.
1263 2390 1313 2416 55.
1339 2392 1448 2416 contra
1473 2385 1552 2416 Ere-

902 2429 994 2459 triam
1012 2436 1044 2459 et
1076 2429 1292 2464 Athenienses,
1317 2428 1414 2458 duces
1441 2429 1552 2458 Persa-

904 2482 976 2502 rum
1004 2472 1098 2506 missi,
1129 2483 1155 2500 v.
1184 2476 1234 2502 94.
1263 2471 1491 2502 Eretriensium
1522 2478 1553 2502 et

909 2515 1076 2545 Persarum
1092 2515 1170 2544 acris
1190 2525 1307 2555 pugna.
1328 2514 1367 2543 vi.
1388 2518 1455 2545 101.
1472 2514 1554 2544 Ere-

906 2558 965 2588 tria
994 2565 1025 2587 et
1042 2558 1236 2588 Eretrienses
1261 2567 1279 2587 a
1297 2557 1400 2587 Persis
1424 2558 1553 2592 subacti,

907 2601 946 2630 vi.
965 2604 1033 2631 101.
1060 2600 1284 2636 Eretriensium
1300 2609 1393 2629 naves
1420 2599 1555 2630 Milesiis

908 2643 1107 2679 auxiliantur,
1139 2649 1175 2672 ut
1197 2643 1329 2683 gratiam
1358 2642 1497 2679 reddant,
1525 2654 1555 2673 v.

908 2691 960 2718 99.
973 2686 1168 2716 Eretrienses
1184 2686 1286 2721 Iones,
1311 2685 1372 2714 viii.
1398 2690 1448 2716 46.
1476 2686 1557 2716 Ere—

909 2729 1039 2759 trienses
1068 2729 1147 2759 Susa
1176 2728 1303 2758 abducti
1329 2727 1498 2758 clementer
1536 2739 1555 2758 a

914 2772 1012 2802 Dario
1025 2772 1157 2808 tractati,
1171 2771 1220 2801 vii.
1241 2775 1310 2802 119.

756 2818 826 2846 117.
870 2815 1030 2845 Eridanus
1043 2813 1292 2845 fluvius.fabula
1317 2814 1492 2849 Herodoto,
1516 2815 1559 2844 iii.

909 2861 979 2890 115.

865 2901 1022 2941 Erinnyes
1039 2901 1108 2931 Laii
1123 2907 1155 2931 et
1171 2900 1290 2940 OEdipi,
1306 2900 1345 2929 iv.
1364 2904 1433 2930 149.
