1836 3156
523 179 876 230 URANIA
911 178 1056 227 VIII.
1375 188 1466 234 287

139 321 165 344 ‘⁶
189 314 410 378 σύμμαχοι
445 313 779 374 ἐπαγγέλλονται
803 312 1002 372 γυναῖκάς
1023 329 1066 358 τε
1089 311 1163 358 καὶ
1185 310 1242 358 τοὶ
1279 314 1315 365 ἐς
1351 312 1471 360 πόλε-

135 398 164 420 “
187 410 262 454 μον
286 391 474 454 οἵχρηστα
499 390 674 437 οἰκετέων
712 389 886 452 ἐχόμενα
926 389 1065 434 πάντα
1105 389 1352 451 ἐπιθρέψειν,
1389 388 1468 436 ἔστ’

137 473 165 495 “
189 467 237 514 ἂν
262 466 283 513 ὁ
305 466 484 529 πόλεμος
507 466 568 513 ὅδε
593 466 821 528 συνεστὴκη.
893 464 969 517 Μὴ
989 464 1027 511 δὲ
1053 463 1181 526 ὑμέας
1203 465 1472 529 Ἀλέξανδρος

49 551 113 590 20
136 549 167 572 “
192 543 213 588 0‘
247 542 451 590 Μακεδῶν
486 544 708 605 ἀναγνώσῃ,
754 540 895 605 λεήνας
945 540 1010 587 τόν
1059 541 1287 604 Μαρδονίου
1333 541 1470 602 λόγον.

131 627 160 648 “
181 618 312 681 τούτῳ
334 618 405 681 μὲν
430 617 512 682 γοὶρ
546 623 688 665 ταῦτα
721 618 888 671 ποιητέα
924 617 1023 663 ἐστί·
1059 616 1241 680 τὺραννος
1275 616 1356 681 γοὶρ
1391 617 1471 675 ἐῶν,

134 702 163 723 “
185 696 357 759 τυράννῳ
385 695 787 758 συγκατεργάζεται.
825 692 915 755 ὑμῖν
939 692 979 738 δέ
1003 710 1050 752 γε
1074 693 1119 738 οὐ
1143 692 1325 747 ποιητέα,
1350 697 1384 739 εἰ’
1404 711 1475 756 περ

134 779 164 800 “
188 771 232 820 εὖ
266 774 496 833 τυγχάνετε
532 771 756 836 φρονέοντες,
793 769 1106 832 ἐπισταμένοισι,
1142 770 1192 821 ὦς
1228 767 1482 832 Βαρέάροισί

134 856 161 877 “
185 849 268 896 ἐστι
303 847 393 896 οὕτε
418 847 573 904 πιστὸν,
610 846 699 894 οὔτε
740 846 893 901 ἀληθὲς
926 845 1070 892 οὑδέν.”
1142 847 1301 892 Ταῦτα
1340 845 1475 900 ἔλεξαν

49 933 109 973 25
137 932 165 954 “
188 927 228 973 οἱ
257 923 474 986 οἵγγελοι.”
1144 919 1148 923 ᾗ

203 1017 374 1049 CXLIII.
442 1000 663 1056 Ἀθηναῖοι
701 1001 740 1048 δὲ
780 1000 875 1065 πρός
908 1000 979 1064 μὲν
1017 1000 1282 1065 Ἀλέξανδρον
1317 1000 1477 1064 ὑπεκρί-
1501 1007 1674 1080 Atheni?-

137 1097 250 1126 ναντο
275 1078 385 1124 τάδε·
422 1084 450 1106 “
479 1078 567 1125 Καὶ
591 1077 710 1125 αὐτοὶ
733 1078 853 1125 τοῦτό
877 1097 925 1138 γε
959 1079 1241 1141 ἐπιστάμεθα,
1279 1076 1340 1124 ὅτι
1375 1086 1476 1125 πολ-
1499 1061 1693 1128 ῗιξῗρῗιὲζᾱω,

139 1162 171 1184 “
193 1156 403 1210 λαπλησίη
436 1154 520 1202 ἐστὶ
555 1158 613 1218 τῷ
653 1155 784 1218 Μὴδῳ
822 1155 989 1217 δύναμις
1011 1155 1037 1207 ἤ
1056 1173 1125 1218 περ
1149 1157 1254 1217 ἡμῖν·
1288 1153 1389 1201 ὥστε
1414 1155 1477 1200 οὐ-

134 1238 162 1259 “
186 1230 243 1277 δέν
268 1231 339 1278 δέει
363 1231 485 1278 τοῦτό
510 1249 557 1292 γε
582 1231 791 1294 ὀνειδίζειν.
816 1231 912 1277 ἀλλ’
942 1229 1060 1293 ὅμως,
1081 1230 1306 1294 ἐλευθερίης
1329 1229 1477 1290 γλιχό-

84 1316 112 1355 5
140 1314 170 1335 “
193 1326 313 1370 μενοι,
339 1307 611 1370 ἀμυνεῦμεθα
636 1308 739 1355 οὕτω
774 1306 872 1360 ὅκως
897 1305 943 1353 ἂν
966 1306 1041 1353 καὶ
1064 1306 1296 1369 δυνώμεθα.
1332 1306 1477 1369 ὁμολο-

137 1391 166 1412 “
191 1389 317 1444 γῆσαι
351 1384 390 1432 δὲ
422 1388 480 1447 τῷ
505 1383 706 1449 Βαρὲάρῳ
729 1386 831 1447 μὴτε
855 1384 904 1431 σὺ
928 1384 1056 1447 ἡμέας
1079 1389 1195 1447 πειρῶ
1232 1382 1478 1440 ἀναπάθειν,

137 1467 166 1489 “
191 1461 280 1508 οὔτε
315 1461 429 1524 ἡμέες
453 1461 696 1524 πεισόμεθα.
766 1463 858 1508 Νῦν
893 1461 932 1508 δὲ
957 1462 1206 1520 ἀπάγγελλε
1246 1460 1477 1524 Μαρδονίῳ,

140 1545 167 1566 “
189 1540 240 1590 ὦς
272 1539 495 1592 Ἀθηναῖοι
519 1538 698 1599 λέγουσι,
722 1538 802 1585 ἐστ’
842 1537 889 1584 ἂν
914 1538 935 1584 ὁ
956 1538 1065 1592 ἥλιος
1099 1537 1166 1591 τὴν
1190 1537 1313 1591 αὐτὴν
1338 1536 1420 1584 ὁδόν
1444 1542 1481 1601 ιἠ

141 1621 171 1641 “
196 1617 248 1678 τῇ
287 1634 358 1678 περ
396 1615 471 1662 καὶ
511 1620 572 1662 νῦν
612 1616 785 1679 ἔρχεται,
819 1616 878 1677 μη
918 1633 1012 1662 κοτε
1054 1613 1310 1676 ὄμολογὴσειν
1351 1614 1479 1676 ἡμέας

58 1697 119 1736 10
142 1697 168 1718 “
195 1689 338 1754 Ξέρξη·
374 1689 490 1738 ἀλλοὶ
514 1692 647 1738 θεοῖσί
665 1710 708 1739 τε
733 1692 993 1754 συμμάχοισι
1019 1690 1180 1737 πίσυνοί
1206 1709 1274 1752 μιν
1300 1690 1479 1751 ἐπέξιμεν

141 1774 170 1795 “
195 1766 448 1831 ἀμυνόμενοι,
494 1767 570 1815 καὶ
614 1774 712 1815 τοῖσι
748 1768 875 1832 ἥρωσι·
908 1773 983 1815 τῶν
1007 1770 1143 1820 ἐκεῖνος
1179 1766 1358 1829 οὐδεμίην
1394 1765 1480 1812 ὅπιν

145 1850 175 1871 “
199 1844 310 1904 ἔχων,
347 1845 520 1909 ἐνέπρησε
543 1844 637 1898 τοὺς
659 1864 703 1892 τε
727 1849 857 1898 οἴκους
879 1843 955 1891 καὶ
988 1843 1045 1890 τοὶ
1069 1844 1328 1905 ἀγάλματα.
1365 1842 1414 1889 σίν
1431 1861 1480 1889 τε

142 1928 170 1948 “
192 1925 266 1967 τοῦ
288 1927 436 1968 λοιποῦ
468 1921 617 1982 λόγους
651 1922 749 1981 ’έχων
788 1921 964 1968 τοιούσδε
1002 1920 1061 1984 μὴ
1102 1920 1303 1978 ἐπιφαίνεο
1341 1918 1482 1973 Ἀθη-

144 2003 173 2024 “
197 1997 352 2044 ναίοισι·
389 1998 490 2061 μηδὲ
515 1999 652 2045 δοκέων
674 1997 834 2061 χρηστοὶ
859 1998 1100 2061 ὑπουργέειν,
1127 1997 1344 2060 ἀθέμιστα
1368 1997 1481 2061 ἕρδειν

60 2080 118 2120 15
142 2078 176 2100 “
198 2075 399 2139 παραίνεε.
426 2077 470 2122 οὐ
494 2076 575 2140 γάρ
598 2094 640 2122 σε
663 2074 913 2138 βουλόμεθα
937 2074 1042 2121 οὐδὲν
1065 2074 1194 2137 οἵχαρι
1218 2072 1314 2138 πρός
1336 2073 1480 2128 Ἀθη-

146 2156 172 2178 “
195 2151 307 2197 ναίων
342 2151 525 2207 παθέειν,
551 2151 665 2198 ἐόντα
699 2150 888 2215 πρόξεινόν
923 2169 966 2198 τε
1000 2150 1075 2197 καὶ
1099 2149 1249 2210 φίλον.”

210 2243 371 2275 CXLIV,
441 2228 548 2292 Πρὸς
593 2228 662 2291 μὲν
709 2227 974 2292 Ἀλέξανδρον
1021 2233 1162 2274 ταῦτα
1209 2227 1480 2292 ὑπεκρίναντο·
1508 2236 1584 2285 quiq
1602 2237 1694 2277 Spar-

143 2301 241 2366 πρὸς
275 2303 314 2350 δὲ
354 2303 447 2357 τοὺς
481 2303 568 2350 ἀπὸ
604 2303 797 2367 Σπάρτης
830 2305 1050 2364 ἀγγέλους,
1091 2305 1204 2351 τάδε·
1245 2311 1276 2331 “
1311 2303 1375 2350 Τό
1413 2303 1484 2367 μὲν
1510 2287 1702 2363 ξῐέιιῑᾱὲῗῖῃι.

149 2385 177 2406 “
201 2379 324 2426 δεῖσαι
364 2380 712 2443 Λακεδαιμονίους
745 2380 803 2442 μὴ
839 2380 1147 2443 ὁμολογὴσωμεν
1178 2383 1235 2443 τῷ
1271 2378 1485 2444 Βαρὲάρῳ,

148 2461 182 2482 “
204 2457 341 2520 κάρτα
364 2458 609 2522 ἀνθρωπὴϊον
646 2458 703 2511 ἧν.
740 2456 847 2520 ἀταρ
882 2459 1056 2521 αἰσχρῶς
1091 2477 1138 2518 γε
1173 2462 1324 2513 οἴκατε,
1361 2459 1485 2512 ἐξεπι-

96 2541 124 2580 5
149 2539 179 2561 “
202 2534 392 2595 στάμενοι
432 2539 505 2581 τῶν
542 2533 779 2588 Ἀθηναίων
821 2533 1015 2597 φρόνημα,
1039 2532 1275 2598 ἀῤῥωδῆσαι·
1312 2532 1372 2580 ὅτι
1397 2533 1487 2581 οὔτε

153 2616 182 2637 “
204 2610 350 2673 χρυσός
385 2613 466 2658 ἐστι
491 2615 566 2671 γῆς
589 2611 796 2674 οὐδαμόθι
834 2616 1037 2667 τοσοῦτος,
1076 2610 1165 2657 οὔτε
1202 2612 1307 2674 χώρη
1340 2613 1494 2658 κάλλεϊ

156 2693 183 2714 “
205 2685 280 2732 καὶ
304 2687 423 2750 ἀρετῇ
445 2688 562 2750 μέγα
586 2687 869 2751 ὑπερφέρουσα,
892 2687 948 2734 τα
966 2689 1075 2750 ἡμεῖς
1099 2688 1313 2750 δεξάμενοι,
1338 2688 1490 2734 ἐθέλοι-

153 2768 187 2791 “
209 2782 281 2826 μεν
305 2763 353 2811 ἂν
385 2765 643 2828 μηδίσαντες,
666 2765 985 2812 καταδουλῶσαι
1009 2764 1076 2819 τὴν
1099 2765 1306 2813 Ἐλλάδα.
1377 2767 1492 2812 Πολ·
