1836 3156
106 316 216 348 Media

109 361 294 390 Graecorum

106 403 198 438 acies,
215 411 287 443 quae

106 452 179 475 ante
193 455 274 485 pug-

107 498 182 517 nam
201 487 272 518 Pla-

108 536 182 560 taeas
207 536 307 559 teten-

107 572 193 602 derat
209 572 250 613 [c.

106 616 172 656 52.]
199 625 254 644 au-

109 657 174 687 dito
190 659 291 687 hostes

106 700 140 729 in
158 700 268 739 fugam

107 742 262 782 conjectos

107 795 180 819 esse,
199 792 229 815 et
244 785 290 824 ip-

108 838 142 857 sa
156 827 277 857 reverti-

106 876 170 900 tur:
187 869 271 910 quod

109 915 186 943 dum
196 920 310 943 temere

107 955 142 985 fit
163 956 277 986 effuso-

108 1008 169 1038 que
189 998 286 1039 agmi-

108 1051 156 1076 ne,
176 1042 287 1081 Mega-

109 1094 211 1113 renses
237 1090 268 1114 et

113 1126 239 1156 Phliasii
253 1127 291 1156 ab

111 1170 251 1209 equitatu

112 1211 261 1241 Thebano

109 1254 290 1293 opprimun-

108 1302 169 1327 tur.

114 1535 266 1565 Barbaro-

108 1588 179 1608 rum
195 1584 292 1608 castra

108 1628 299 1661 expugnata:

108 1670 260 1693 exemtus

109 1706 247 1746 reliquus

108 1759 203 1787 prope
228 1748 267 1778 ad

107 1790 291 1821 internecio-

107 1843 181 1863 nem
200 1834 250 1864 de-

107 1876 199 1906 letus.
219 1877 309 1915 Spar-

109 1919 266 1954 tiatarum,

112 1962 264 2001 Tegeata-

109 2014 180 2033 rum
197 2011 228 2033 ει
246 2006 291 2034 A-

109 2047 275 2077 theniensi-

110 2099 166 2119 um
178 2097 255 2130 quot
263 2100 312 2120 oc·

109 2133 282 2163 cubuerint.

330 173 423 213 322
758 161 1243 211 HERODOTI

396 310 534 342 LXIX.
573 295 639 343 Of
671 292 742 356 μὲν
781 293 828 348 δὴ
861 298 1035 347 νικῶντες
1062 294 1230 350 εἵποντο,
1267 292 1363 346 τοὺς
1398 293 1550 357 Ξέρξεω
1578 294 1664 340 διώ-

332 371 464 424 κοντές
497 389 540 417 τε
573 369 647 416 καὶ
682 370 910 429 φονεύοντες.
949 372 985 418 ἐν
1019 370 1058 418 δὲ
1093 370 1223 433 τοὺτῳ
1259 373 1316 432 τῷ
1344 372 1530 434 γινομένῳ
1557 369 1668 433 φόζῳ

333 448 590 509 ἀγγέλλεται
612 452 713 493 τοῖσι
747 447 909 494 ἄλλοισι
937 448 1117 509 ’Έλλησι
1140 452 1240 493 τοῖσι
1275 448 1555 510 τεταγμένοισι
1580 446 1666 512 περὶ

334 525 381 571 τό
411 527 591 588 εΗραῒον,
624 523 698 570 καὶ
721 524 1043 587 ἀπογενομένοισι
1071 528 1142 578 τῆς
1175 525 1333 586 μάχης,
1375 523 1436 571 ὅτι
1470 525 1593 588 μάχη
1625 541 1671 570 τε

334 605 489 664 γέγονε,
516 602 591 649 καὶ
619 606 746 665 νικῷεν
780 604 821 649 οἱ
848 602 958 665 μετοὶ
983 602 1239 649 Παυσανίεω.
1276 602 1317 649 οἱ
1345 600 1400 657 δὲ,
1425 602 1671 654 ἀκούσαντες
1725 609 1755 647 5

333 684 488 735 ταῦτα,
523 679 659 726 οὐδένα
695 678 845 741 κόσμον
879 678 1120 739 ταχθέντες,
1160 679 1200 724 οἱ
1230 677 1301 740 μὲν
1340 676 1453 741 ἀμφὶ
1487 677 1671 741 Κορινθί-

335 776 412 812 ους,
442 757 657 819 ἐτράποντο
683 754 750 802 διοὶ
780 759 851 808 τῆς
879 755 1050 818 ὑπωρέης
1079 754 1154 801 καὶ
1187 759 1262 801 τῶν
1295 759 1469 801 κολωνῶν
1499 754 1568 808 τῆν
1604 754 1671 812 φέ-

334 853 474 898 ρουσαν
502 833 594 888 οἵνω,
625 832 699 879 ι’θι)
730 837 803 878 τοῦ
831 833 912 895 ἱροῦ
938 835 1008 885 τῆς
1040 832 1270 895 Δημητρος·
1304 833 1344 878 οἱ
1368 831 1407 878 δὲ
1441 830 1554 894 ἀμφὶ
1584 833 1674 878 Με-

336 910 488 972 γαρέας
527 927 571 955 τε
612 907 687 955 καὶ
711 907 956 963 Φλιασίους,
989 906 1056 954 διοὶ
1087 911 1161 954 τοῦ
1194 906 1332 955 πεδίου
1363 907 1431 961 τῆν
1464 908 1674 961 λειοτάτην

334 991 408 1032 τῶν
433 985 535 1031 ὁδῶν.
571 985 661 1032 ἐπεί
677 1004 720 1032 τε
745 984 783 1031 δὲ
807 986 951 1045 ἀγχοῦ
976 989 1051 1031 τῶν
1074 985 1273 1047 πολεμίων
1305 985 1474 1045 ἐγίνοντο
1510 986 1551 1031 οἱ
1584 987 1673 1032 Με-
1703 992 1760 1031 10

335 1061 471 1125 γαρέες
492 1060 567 1107 καὶ
592 1062 803 1116 Φλιάσιοι,
838 1060 1047 1114 ἀπιδόντες
1085 1061 1212 1120 σφέας
1234 1062 1275 1107 οἱ
1291 1065 1366 1107 τῶν
1391 1059 1583 1114 Θηζαίων
1606 1062 1673 1107 ι’π-

334 1138 462 1185 πόται
507 1137 784 1200 ἐπειγομένους
828 1138 964 1185 οὐδένα
1004 1137 1168 1200 κόσμον,
1209 1138 1378 1191 ἤλαυνον
1417 1138 1479 1184 ἐπ’
1525 1137 1675 1190 αὐτοὺς

334 1214 428 1266 τούς
473 1214 639 1270 ἵππους,
683 1219 756 1260 τῶν
797 1215 1000 1278 ἱππάρχεε
1030 1213 1325 1278 Ἀσωπόδωρος
1367 1214 1388 1260 o‘
1429 1214 1673 1277 Τιμάνδρου.

335 1291 561 1343 ἐσπεσόντες
585 1291 624 1337 δὲ
647 1291 938 1355 κατεστόρεσαν
967 1292 1114 1338 αὐτέων
1148 1291 1389 1348 ἑξακοσίους,
1413 1290 1508 1344 τούς
1531 1291 1570 1338 δὲ
1593 1301 1676 1338 λοι-

335 1368 437 1420 ποῦς
459 1369 692 1435 κατηραξαν
717 1369 918 1421 διώκοντες
942 1369 978 1421 ἐς
1001 1367 1067 1415 τόν
1094 1372 1332 1432 Κιθαιρῶνα.
1369 1365 1478 1416 οὗτοι
1518 1367 1589 1430 μὲν
1629 1367 1676 1422 δὴ
1704 1375 1760 1415 15

336 1446 370 1490 ἐν
394 1443 515 1491 οὐδενὶ
549 1444 662 1506 λόγῳ
685 1445 911 1490 ἀπώλοντο.

401 1535 514 1566 LXX.
544 1522 610 1566 Οἱ
628 1519 667 1566 δὲ
693 1520 847 1583 Πέρσαι
870 1518 946 1566 καὶ
980 1518 1002 1565 ὁ
1023 1520 1151 1572 ἄλλος
1181 1519 1336 1582 ὅμιλος,
1372 1522 1422 1574 ὦς
1443 1519 1678 1580 κατέφυγον

337 1597 374 1648 ἐς
406 1595 454 1642 τό
488 1595 636 1651 ξύλινον
670 1602 818 1657 τεῖχος,
849 1596 1031 1656 ἔφθησαν
1065 1595 1132 1643 ἐπὶ
1171 1596 1265 1649 τούς
1301 1596 1480 1661 πὺργους
1502 1594 1678 1643 &vaeda-

336 1691 412 1728 τες,
445 1672 531 1736 πρὶν
555 1674 576 1726 ἢ
599 1672 693 1726 τούς
730 1673 1079 1736 Λακεδαιμονίους
1103 1674 1350 1720 ἀπικέσθαι·
1375 1673 1595 1727 ἀναζάντες
1619 1673 1674 1730 δὲ,

337 1750 554 1811 ἐφράξαντο
593 1751 644 1802 ὦς
682 1749 871 1803 ἠδυνέατο
896 1749 1044 1812 οἵριστα
1067 1749 1115 1796 τό
1138 1755 1280 1809 τεῖχος.
1315 1749 1613 1812 προσελθόντων
1637 1748 1677 1796 δὲ

335 1830 409 1871 τῶν
444 1826 788 1888 Λακεδαιμονίων,
819 1825 1064 1879 κατεστηκεέ
1088 1838 1157 1884 σφι
1180 1827 1433 1888 τειχομαχίη
1456 1824 1679 1890 ἐῤῥωμενεσ-
1735 1834 1763 1872 5

336 1903 433 1966 τέρη.
468 1902 535 1955 ἕως
573 1903 644 1965 μὲν
680 1902 762 1967 γάρ
796 1904 960 1956 ἀπῆσαν
995 1904 1036 1949 οἱ
1069 1903 1306 1958 Ἀθηναῖοι,
1342 1903 1382 1948 οἱ
1411 1901 1442 1948 δ’
1470 1902 1675 1965 ᾖμόνοντο,

336 1978 411 2024 καὶ
435 1981 575 2041 πολλῷ
615 1979 733 2026 πλέον
771 1979 861 2039 ἐ’χον
895 1983 969 2025 τῶν
996 1978 1344 2042 Λακεδαιμονίων,
1370 1979 1470 2025 ὥστε
1497 1980 1571 2026 οὐκ
1594 1980 1681 2026 ἐπι-

337 2054 539 2117 σταμένων
563 2055 860 2118 τειχομαχέειν·
896 2057 946 2107 ὦς
983 2055 1022 2102 δέ
1062 2067 1133 2114 σφι
1171 2056 1211 2101 οἱ
1241 2056 1464 2109 Ἀθηναῖοι
1504 2059 1679 2119 προσῆλ-

337 2135 423 2187 θον,
460 2134 563 2180 οὕτω
602 2134 647 2187 δῆ
687 2133 828 2197 ἰσχυρὴ
860 2134 1008 2194 ἐγίνετο
1044 2135 1311 2197 τειχομαχίη,
1348 2134 1424 2181 καὶ
1455 2134 1588 2199 χρόνον
1611 2133 1680 2183 ἐπὶ

338 2210 499 2256 πολλόν.
569 2210 703 2264 Τέλος
738 2210 790 2266 δὲ,
825 2211 945 2275 ἀρετῆ
977 2230 1021 2258 τε
1054 2211 1130 2258 καὶ
1161 2212 1329 2276 λιπαρίῃ
1363 2209 1559 2265 ἐπέζησαν
1596 2210 1679 2258 ’A-
1708 2212 1765 2258 lO

337 2288 493 2340 θηναῖοι
526 2291 601 2334 τοῦ
622 2287 787 2347 τείχεος,
812 2287 887 2334 καὶ
921 2287 1067 2351 ἤριπον·
1104 2291 1156 2353 τῆ
1191 2288 1236 2342 δὴ
1270 2288 1469 2349 ἐσεχέοντο
1504 2289 1545 2335 οἱ
1571 2288 1678 2336 ’Έλ-

336 2371 457 2415 ληνες.
494 2367 639 2426 πρῶτοι
675 2361 713 2409 δὲ
738 2364 908 2417 ἐσῆλθον
943 2367 1150 2424 Τεγεῆται
1186 2366 1222 2417 ἐς
1255 2363 1304 2411 ⁴rox
1325 2370 1472 2425 τεῖχος·
1501 2363 1576 2411 καὶ
1609 2364 1676 2420 τῆν

336 2438 473 2492 σκηνὴν
507 2437 574 2492 τῆν
612 2439 842 2502 Μαρδονίου
877 2437 986 2487 οὗτοι
1021 2441 1114 2488 ἐ’σαν
1148 2442 1189 2487 οἱ
1223 2441 1530 2504 διαρπάσαντες,
1553 2442 1611 2488 τά
1633 2459 1678 2488 τε

337 2515 454 2562 οἵλλα
489 2516 528 2570 ἐξ
562 2517 689 2569 αὐτῆς
720 2515 794 2562 καὶ
828 2516 898 2570 τῆν
931 2519 1079 2577 φάτνην
1112 2523 1186 2565 τῶν
1219 2517 1366 2574 ἵππων,
1403 2519 1542 2565 ἐοῦσαν
1564 2527 1676 2578 χαλ-

336 2592 423 2645 κέην
458 2593 597 2639 πᾶσαν
621 2592 695 2639 καὶ
719 2592 800 2646 θέης
824 2593 949 2649 ἀξίην.
984 2594 1052 2648 τῆν
1074 2594 1145 2658 μέν
1168 2614 1228 2641 νυν
1264 2595 1411 2654 φάτνην
1433 2595 1584 2649 ταύτην
1606 2594 1674 2648 τῆν
1705 2602 1760 2641 15

341 2668 571 2731 Μαρδονίου
621 2668 816 2716 ἀνέθεσαν
856 2671 893 2724 ἐς
934 2670 1000 2718 τᾶν
1041 2670 1119 2725 νηὸν
1153 2675 1223 2725 τῆς
1255 2671 1411 2725 Ἀλέης
1442 2670 1676 2725 Ἀθηναίης

340 2745 561 2802 Τεγεῆται·
593 2744 651 2792 τοὶ
675 2744 714 2792 δὲ
737 2745 854 2793 ἄλλα
878 2747 915 2800 ἐς
936 2746 1068 2795 τώυτὸ
1091 2745 1167 2794 ὅσα
1191 2765 1263 2810 περ
1295 2745 1453 2802 ἔλαὲον,
1479 2747 1675 2800 ἐσῇνεικαν

990 2840 1010 2866 5
