1836 3156
92 452 255 482 Postremo

90 496 200 530 Graeci‚
219 494 267 523 in-

86 538 172 577 genti
189 536 275 567 clade

87 580 222 610 barbaris
251 579 285 608 il·

87 623 158 658 lata,
175 621 267 652 undi-

87 676 148 706 que
163 665 220 694 cir-

87 715 246 738 cumvenu

87 761 161 780 cum
178 750 258 780 Leo.

86 792 158 822 nida
184 793 223 821 ad
250 804 286 822 u-

87 846 164 865 num
181 846 289 865 omnes

87 878 289 916 praeterThe-

86 922 190 955 banos:
209 931 259 950 oc.

87 964 249 995 cumbunt.

99 2762 186 2792 Inter
202 2760 293 2799 Spa*

325 169 420 207 2120
757 161 1246 210 HERODOTI

322 309 396 336 των
419 289 466 338 τό
481 290 605 354 οὖρος,
625 291 904 339 ἀπεδείκνυντο
924 291 1054 356 ῥώμης
1072 291 1157 339 ὅσον
1172 294 1275 353 εἶχον
1293 292 1485 355 μέγιστον
1510 295 1547 346 ἐς
1570 294 1663 347 τοῦς

318 365 563 430 βαρὲάρους,
590 369 925 432 παραχρεώμενοί
941 388 983 415 τε
1006 368 1081 415 καὶ
1105 369 1296 421 ἀτέοντες.

385 459 582 489 CCXXIV.
623 444 801 507 Δόρατα
831 445 902 507 μέν
936 465 996 491 νυν
1030 450 1130 491 τοῖσι
1159 445 1355 504 πλεόνεσιν
1390 446 1538 492 αὐτέων
1561 465 1662 501 τηνι-

315 523 457 565 καῦτα
481 518 551 572 ἤδη
581 519 781 579 ἐτύγχανε
814 520 1069 580 κατεηγότα,
1109 521 1148 566 οἱ
1167 519 1206 566 δὲ
1230 525 1331 566 τοῖσι
1355 520 1481 579 ξίφεσι
1507 521 1663 585 διεργά-

317 596 432 658 ζοντο
468 594 562 648 τούς
592 597 768 660 Πέρσας.
798 597 873 644 καὶ
917 597 1109 651 Λεωνίδης
1153 615 1196 643 τε
1232 598 1266 643 ἐν
1298 597 1429 660 τούτῳ
1463 601 1521 660 τῷ
1558 598 1663 660 πόνῳ

316 672 472 727 πίπτει,
497 672 588 736 ἀνῆρ
623 674 826 736 γενόμενος
860 674 1032 738 ἄριστος,
1067 673 1142 720 καὶ
1173 673 1289 737 ἕτεροι
1312 674 1402 736 μετ’
1431 675 1561 721 αὐτοῦ
1584 675 1662 721 ὀνο-

313 748 471 809 μαστοὶ
508 748 803 813 Σπαρτιητέων,
840 753 915 797 τῶν
951 750 1030 810 ἐγώ
1051 752 1101 803 ώς
1135 751 1276 814 ἀνδρῶν
1308 751 1422 805 ἀξίων
1447 750 1656 814 γενομένων

315 825 524 888 ἐπυθόμην
559 825 615 872 τοὶ
649 826 875 889 οὐνόματα·
913 827 1124 890 ἐπυθόμην
1159 826 1198 873 δὲ
1233 825 1307 872 καὶ
1353 827 1542 873 ἁπάντων
1583 832 1659 874 τῶν

315 902 553 964 τριηκοσίων.
590 901 665 948 καὶ
699 901 743 955 δὴ
778 901 853 949 καὶ
888 903 1064 966 Περσέων
1100 903 1297 949 πίπτουσι
1327 903 1512 950 ἐνθαῦτα
1536 903 1658 950 οἵλλοι

315 997 357 1024 τε
383 978 531 1024 πολλοῖ
552 978 626 1024 καὶ
651 980 905 1042 οὐνομαστοί·
929 981 963 1027 ἐν
988 979 1027 1026 δὲ
1053 979 1098 1033 δη
1120 979 1195 1026 καὶ
1213 980 1390 1043 Δαρείου
1416 980 1484 1026 δύο
1503 980 1658 1037 παῖδες,

314 1052 578 1117 Ἀἓροκόμης
613 1074 655 1101 τε
689 1054 764 1101 καὶ
797 1057 1072 1119 εὙπεράνθης,
1108 1057 1153 1102 ἐκ
1188 1060 1258 1110 τῆς
1285 1057 1495 1120 Ἀρτάνεω
1519 1059 1660 1116 θυγα-

1684 378 1747 417 20

314 1130 402 1194 τρός
427 1132 726 1194 Φραταγούνης
754 1131 961 1192 γεγονότες
1000 1132 1172 1196 Δαρείῳ.
1210 1132 1231 1177 ὁ
1253 1132 1292 1179 δὲ
1317 1132 1533 1195 Ἀρτάνης,
1563 1134 1660 1180 Δα-
1689 1141 1749 1179 10

312 1207 412 1269 ρείου
452 1207 523 1269 μὲν
554 1213 627 1254 τοῦ
660 1210 861 1271 βασιλῆος
895 1208 937 1261 ἧν
968 1207 1180 1267 ἀδελφεὸς,
1216 1209 1482 1261 μΥστάσπεος
1514 1208 1554 1255 δὲ
1589 1214 1663 1256 τοῦ

313 1283 540 1346 Ἀρσάμεω
565 1290 677 1336 παῖς·
705 1284 745 1336 ὃς
766 1284 841 1330 καὶ
865 1284 1041 1337 ἐκδιδοῦς
1064 1284 1131 1338 τὴν
1150 1285 1369 1348 θυγατέρα
1397 1285 1571 1348 Δαρείῳ,
1595 1285 1661 1332 τᾶν

315 1360 417 1406 οἷκον
442 1362 582 1407 πάντα
616 1360 682 1432 τᾶν
707 1360 854 1408 ἑωυτοῦ
889 1362 1072 1417 ἐπέδωκε,
1099 1363 1149 1414 ώς
1171 1360 1319 1425 μούνου
1344 1363 1384 1408 οἱ
1404 1361 1537 1416 ἐούσης
1558 1362 1659 1409 ταύ-

314 1455 382 1489 της
406 1436 555 1482 τέκνου.

382 1529 561 1559 cexxv.
602 1514 756 1578 ’Ξέρξεώ
784 1515 826 1561 τέ
863 1514 907 1568 δη
941 1515 1010 1562 δύο
1046 1515 1231 1574 ἀδελφεοὶ
1266 1517 1449 1562 ἐνθαῦτα
1485 1515 1660 1562 πίπτου-

317 1609 354 1636 σι
394 1590 656 1653 μαχεόμενοι.
701 1591 774 1637 καὶ
810 1591 906 1655 ὑπὲρ
959 1597 1033 1638 τοῦ
1076 1598 1205 1656 νεκροῦ
1249 1592 1447 1639 Λεωνίδεω
1485 1592 1660 1656 Περσέων

317 1686 359 1713 τε
394 1666 469 1713 καὶ
512 1668 842 1730 Λακεδαιμονίων
875 1667 1058 1730 ώθισμὸς
1082 1669 1233 1728 ἐγένετο
1267 1669 1436 1722 πολλός·
1473 1670 1510 1722 ἐς
1529 1669 1548 1715 ὃ
1570 1674 1662 1716 τοῦ·

316 1743 382 1790 τόν
414 1763 457 1790 τε
490 1745 610 1808 ἀρετῇ
641 1745 889 1799 οἷ’Έλληνες
922 1745 1187 1809 ὑπεξείρυσαν,
1222 1745 1297 1792 καὶ
1320 1745 1543 1809 ἐτρέψαντο
1567 1745 1661 1798 τοῦς

317 1821 513 1873 ἐναντίους
548 1823 747 1885 τετράκις.
840 1825 977 1868 Τοῦτο
1030 1822 1069 1868 δὲ
1109 1824 1336 1876 συνεστηκεε
1372 1822 1492 1886 μέχρι
1539 1820 1588 1869 οὖ
1625 1824 1666 1869 οἱ

317 1897 385 1944 σῦν
415 1897 629 1962 Ἐπιάλτῃ
660 1899 930 1963 παρεγένοντο.
964 1901 1013 1951 ὦς
1052 1899 1090 1946 δὲ
1124 1899 1290 1952 τούτους
1323 1899 1427 1953 ἥκειν
1458 1899 1658 1946 ἐπύθοντο

316 1977 357 2022 οἱ
374 1976 585 2032 ’Έλληνες,
620 1978 796 2023 ἐνθεῦτεν
819 1976 888 2031 ἤδη
912 1976 1124 2038 ἑτεροιοῦτο
1148 1975 1195 2023 τὰ
1220 1982 1352 2029 νεῖκος.
1379 1976 1416 2028 ’ές
1438 1994 1481 2022 τε
1505 1973 1588 2038 γοὶρ
1610 1975 1658 2022 τὸ

316 2052 459 2100 στεινὸν
493 2058 563 2107 τῆς
599 2053 689 2100 ὁδοῦ
722 2055 929 2117 ἀνεχώρεον
953 2054 1096 2110 ὀπίσω,
1119 2053 1195 2100 καὶ
1218 2054 1587 2117 παραμειψάμενοι
1611 2051 1659 2099 τό

317 2134 461 2189 τεῖχος,
496 2129 681 2182 ἐλθόντες
712 2131 837 2191 ἵζοντο
875 2129 941 2176 ἐπὶ
971 2130 1036 2176 τὸν
1077 2129 1241 2176 κολωνόν
1279 2131 1426 2182 πάντες
1465 2128 1580 2181 ἁλέες
1625 2131 1666 2175 οἱ

1717 1833 1744 1869 5

318 2204 455 2261 ἄλλοι,
482 2206 584 2259 πλὴν
619 2205 825 2260 Θηξαίων.
863 2205 884 2251 o‘
914 2206 952 2253 δὲ
979 2206 1146 2259 κολωνός
1183 2208 1264 2253 ἐστι
1290 2208 1324 2253 ἐν
1347 2209 1398 2269 τῇ
1422 2205 1541 2268 ἐσόδῳ
1563 2204 1658 2252 ὅκου
1690 2214 1747 2252 10

318 2286 378 2328 νῦν
406 2282 601 2336 ὁλίθινος
635 2283 728 2330 λέων
768 2283 906 2337 ἕστηκε
931 2283 997 2329 ἐπὶ
1023 2284 1207 2346 Λεωνίδη.
1242 2284 1276 2329 ἐν
1307 2282 1436 2345 τούτῳ
1459 2282 1585 2341 σφέας
1607 2285 1665 2344 τῷ

318 2360 432 2422 χώρῳ
461 2359 720 2422 ἀλεξομένους
746 2360 988 2422 μαχαίρῃσι,
1025 2365 1125 2406 τοῖσι
1155 2359 1302 2407 αὐτέων
1339 2359 1561 2420 ἐτύγχανον
1602 2359 1660 2405 ἐ’τι

319 2441 555 2499 περιεοῦσαι,
591 2436 664 2482 καὶ
699 2436 808 2500 χερσὶ
842 2436 917 2482 καὶ
951 2436 1144 2499 στόμασι,
1175 2436 1418 2496 κατέχωσαν
1442 2434 1662 2499 οἱβάρὲα-

320 2531 373 2574 ροι
398 2514 637 2575 βάλλοντες·
663 2515 702 2559 οἱ
718 2513 806 2576 μὲν,
844 2514 882 2568 ἐξ
907 2513 1076 2567 ἐναντίης
1109 2512 1380 2576 ἐπισπόμενοι,
1413 2512 1488 2558 καὶ
1510 2511 1558 2559 τὰ
1581 2511 1661 2575 ἐ’ρυ-

321 2608 386 2650 μα
410 2594 483 2635 τοῦ
516 2591 667 2649 τείχεος
702 2591 1000 2651 συγχώσαντες·
1036 2592 1076 2637 οἱ
1102 2589 1155 2647 δὲ,
1180 2589 1452 2654 περιελθόντες
1474 2590 1657 2635 πάντοθε
1689 2596 1743 2634 15

322 2666 566 2727 περισταδόν.

389 2757 587 2789 ccxxvl.
647 2744 977 2807 Λακεδαιμονίων
1023 2745 1062 2792 δὲ
1105 2744 1180 2792 καὶ
1227 2744 1431 2792 Θεσπιέων
1474 2741 1658 2791 τοιούτων
