1836 3156
694 101 917 134 INDEX.
1471 102 1508 135 21

121 187 356 220 Corinthiorum
389 194 550 228 tyrannus,
580 193 618 219 ut
631 198 684 218 eos
698 194 777 218 trac-

123 232 203 266 tarit,
221 242 249 261 v.
264 235 315 263 92.

83 274 237 315 Cypselus
253 273 407 304 Miltiadis
420 280 515 313 pater,
529 275 569 305 vi.
583 278 633 306 55.

85 318 241 357 Cyraunis
264 316 375 352 insula,
403 317 443 347 iv.
468 320 536 349 195.
573 317 660 348 lacus
682 316 715 347 in
737 327 773 347 ea

123 360 239 399 picffer,
253 358 326 389 ibid.

82 403 206 444 Cyrene
234 402 426 438 circumflua,
458 403 497 433 iv.
526 407 593 434 164.
619 404 771 443 Cyrenen,

125 455 222 486 quam
251 455 315 475 non
344 445 536 485 diripuerant
566 456 666 487 quum
696 452 775 475 esset

127 487 256 523 occasio,
299 488 415 518 frustra
453 489 639 520 adoriuntur
666 494 774 528 postea

128 531 239 564 Persae,
269 531 308 561 iv.
335 535 406 562 205.
439 533 617 572 Cyrenaicae
644 531 779 571 regionis

124 573 225 614 plagae
239 581 302 604 tres
316 575 403 604 mirae
418 575 628 610 fecunditatis,
646 575 684 604 iv.
710 578 778 606 199.

86 616 237 657 Cyrenaeiy
267 617 308 649 iv,
343 621 411 648 154.
443 621 509 649 155.
545 621 613 649 159.
639 621 707 649 169.
722 624 777 648 etc.

129 659 275 700 Cambysi
299 671 332 690 se
353 659 482 695 dedunt,
499 661 541 690 iii.
559 665 606 691 15.
621 670 731 690 eorum
747 665 778 690 et

127 703 353 742 AEgyptiorum
382 703 554 738 conflictus,
577 703 620 733 iii.
644 706 714 733 161.
741 704 779 732 iv.

128 748 198 777 159.
219 756 310 785 agros
333 746 472 785 Libyum
494 753 623 782 vastant,
648 746 687 776 iv.
711 749 779 777 159.

126 788 248 818 cladem
274 799 293 818 a
310 789 452 829 Libybus
468 790 636 828 accipiunt,
653 789 691 819 iv.
713 793 781 819 160.

123 841 234 861 eorum
256 832 393 862 amicitia
414 843 487 862 cum
513 832 631 867 Samiis,
655 832 693 862 iv.
713 835 782 862 152.

124 874 290 904 oraculum
316 875 494 909 consulunt,
522 876 560 905 iv.
591 879 659 906 161.
685 875 780 914 Cyre-

128 918 189 946 naei
218 917 339 950 medici.
371 918 501 948 secundi
525 924 616 948 sunt:
650 923 686 947 ut
705 918 781 948 Cro-

127 960 263 995 toniatae,
303 960 402 1000 primi,
444 961 486 990 iii.
529 964 597 990 151.
632 961 782 1000 Cyreneae

129 1003 256 1033 feminae
285 1005 397 1033 bovem
438 1004 648 1042 superstitiose
677 1004 781 1033 obser-

128 1052 215 1083 vant,
235 1047 273 1075 iv.
299 1050 369 1077 186.
383 1046 469 1085 apud
487 1047 629 1086 Cyrnum
645 1046 751 1076 civitas
765 1057 784 1075 a

132 1089 376 1119 Phocaeensibus
384 1090 511 1119 condita
521 1089 647 1120 nomine
666 1089 692 1118 A
698 1088 779 1123 lalia,

125 1131 144 1161 i.
178 1135 246 1163 165.
278 1132 403 1171 Cyrnus
435 1132 595 1172 Carystiae,
627 1132 671 1162 ix.
704 1135 776 1163 105.

130 1175 255 1214 Cyrnus
270 1176 371 1213 heros,
387 1175 407 1204 i.
424 1179 495 1206 167.

93 1218 212 1257 Cyrnii,
224 1218 274 1247 vii.
289 1221 358 1249 165.

90 1261 193 1301 Cyrus
221 1267 309 1300 pater
341 1261 504 1302 Cambysis
535 1262 610 1302 Cyri
634 1262 738 1302 patris,
762 1262 781 1293 i.

48 1374 51 1376 .
89 1346 194 1386 Cyrus
219 1348 323 1384 Persa,
339 1348 359 1378 i.
378 1351 446 1380 120.
461 1348 512 1378 vii.
528 1351 578 1378 11.
593 1349 661 1388 ejus
676 1359 785 1388 paren-

131 1398 185 1426 tes,
213 1402 298 1427 avus,
329 1398 384 1422 etc.
413 1393 432 1421 i.
464 1394 514 1423 75.
542 1396 591 1423 91.
626 1395 693 1423 107.
717 1396 786 1422 108.

133 1433 206 1470 (ubi
232 1441 259 1465 ec
286 1435 355 1473 ejus
378 1434 536 1474 nativitas)
553 1435 572 1464 i.
592 1438 660 1465 111.
675 1435 784 1465 mulus

131 1477 266 1513 oraculo,
286 1479 319 1518 (i.
333 1477 402 1517 55.)
419 1477 529 1512 dictus,
547 1477 620 1518 quia
637 1478 787 1508 Semime-

132 1520 193 1549 dus
209 1527 239 1550 et
257 1520 438 1560 Semipersa.
458 1521 477 1550 i.
491 1525 540 1551 91.
558 1521 711 1561 Harpago
725 1527 787 1551 tra-

132 1562 218 1593 ditus
240 1563 475 1599 interimendus
500 1569 530 1593 et
552 1564 711 1604 quomodo
726 1574 787 1594 ser-

134 1612 232 1640 vatus,
262 1607 281 1636 i.
310 1611 379 1638 109.
412 1611 482 1637 110.
507 1613 563 1637 etc.
577 1606 729 1637 educatur
750 1609 789 1637 ab

135 1659 234 1679 uxore
258 1650 396 1686 bubulci,
430 1651 448 1680 i.
478 1653 547 1680 115.
576 1660 633 1680 cur
662 1661 681 1679 a
711 1660 788 1680 cane

133 1691 288 1723 educatus
327 1693 456 1728 dicatur,
495 1692 515 1722 i.
559 1696 630 1722 122.
659 1693 789 1722 bubulci

135 1734 221 1765 filius
258 1736 506 1777 cognominatus,
536 1736 558 1764 i.
593 1739 662 1765 114.
678 1735 791 1776 regalis

136 1777 259 1808 indoles
280 1786 317 1809 ut
331 1779 445 1809 enituit
460 1779 493 1807 in
508 1788 614 1818 pureo,
634 1779 707 1808 ibid.
722 1785 759 1808 ut
773 1789 792 1808 a

137 1827 281 1852 materno
303 1832 361 1852 avo
386 1823 526 1862 Astyage
547 1822 673 1862 agnitus
687 1822 790 1856 fuerit,

139 1864 160 1894 i.
193 1867 261 1896 116.
282 1866 423 1904 pervenit
437 1864 477 1894 ad
492 1875 565 1895 suos
580 1875 668 1894 veros
683 1874 793 1903 paren-

137 1914 192 1942 tes,
215 1907 236 1937 i.
258 1912 327 1938 122.
346 1908 448 1948 Cyrus
474 1909 634 1943 laudatur,
665 1907 707 1937 iii.
738 1911 788 1939 89.

137 1952 191 1981 ubi
224 1953 339 1982 dicitur
371 1957 458 1990 pater
501 1950 565 1980 suis
608 1950 790 1989 appellatus.

137 1995 228 2030 Item,
250 1994 292 2024 iii.
317 1998 388 2025 160.
408 1995 460 2024 ubi
482 1995 596 2024 dicitur
618 1996 655 2023 de
670 2005 712 2029 eo,
740 1993 792 2023 cui

138 2038 311 2076 comparari
336 2037 399 2075 (vel
416 2039 527 2076 potius,
553 2036 604 2066 cui
619 2046 652 2066 se
668 2047 792 2076 compa-

140 2079 222 2120 rare)
246 2080 355 2111 nullus
382 2089 525 2121 unquam
543 2079 711 2109 Persarum
725 2079 793 2120 dig-

141 2133 221 2152 num
251 2134 284 2153 se
307 2124 371 2160 (vel
386 2133 453 2153 rem
467 2133 500 2153 se
515 2122 670 2163 dignam.)
687 2123 794 2152 existi-

139 2165 246 2197 mavit.
281 2169 407 2198 Videtur
428 2172 534 2197 autem
556 2168 621 2196 lzoec
630 2167 739 2207 fuisse
760 2168 796 2196 il-

143 2211 247 2241 lorum
261 2212 361 2250 opinio
377 2211 411 2240 ob
426 2221 461 2239 ea
473 2210 648 2249 praesertim
664 2220 734 2249 quae
749 2211 795 2239 di-

142 2259 262 2284 cuntur
283 2255 320 2284 de
343 2254 411 2293 ejus
433 2252 583 2292 genitura,
602 2253 642 2281 ob
653 2262 748 2291 quam
764 2263 796 2282 se

143 2296 340 2326 existimabat
370 2297 473 2336 majus
495 2294 647 2335 quiddam
670 2295 796 2325 homine

143 2349 218 2374 esse,
249 2339 268 2369 i.
292 2343 363 2370 204.
393 2345 424 2369 et
439 2338 478 2368 de
492 2339 561 2378 ejus
575 2337 726 2367 felicitate
742 2340 795 2369 ibi-

139 2385 224 2413 dem·
269 2384 316 2414 Sic
340 2394 406 2414 vero
423 2389 460 2417 et,
478 2381 497 2410 i.
517 2385 584 2411 126.
601 2380 706 2410 divina
720 2391 797 2422 qua—

142 2424 218 2454 dam
233 2432 316 2456 sorte
331 2425 475 2466 genitum
490 2435 523 2454 se
537 2425 621 2454 dicit.

105 2469 208 2509 Cyrus
218 2480 288 2509 quoe
306 2472 480 2508 prudenter
496 2469 611 2500 direrit,
628 2478 702 2497 cum
717 2469 796 2502 alibi,

146 2519 223 2545 tum,
247 2511 289 2541 ix.
311 2514 366 2543 ult.
392 2511 466 2550 Cyri
483 2511 656 2550 prudentia
674 2509 706 2539 in
722 2511 797 2540 alie-

146 2553 258 2584 nandis
280 2554 392 2584 animis
415 2554 582 2584 Persarum
606 2563 624 2582 a
648 2552 762 2586 Medis,
777 2553 796 2583 i.

148 2600 219 2628 125.
239 2601 306 2627 126.
326 2601 395 2627 127.
409 2603 438 2627 et
453 2598 485 2627 in
502 2608 533 2626 eo
546 2598 631 2636 qued
642 2607 797 2626 commen-

146 2648 198 2672 tus
215 2648 267 2675 est,
284 2647 322 2670 ut.
339 2640 449 2670 Persas
464 2638 503 2668 ad
519 2637 736 2669 rebellandum
750 2639 798 2668 in-

145 2684 282 2714 duceret„
294 2683 315 2713 i.
336 2686 404 2714 125.
420 2689 447 2713 ει
463 2689 568 2713 tamen
583 2683 674 2712 stulte
692 2681 800 2721 Gyudi

143 2727 231 2756 amni
254 2726 402 2761 minatur,
421 2725 441 2755 i.
460 2729 528 2757 189.
545 2734 673 2755 omnem
692 2724 801 2755 Asiam

146 2769 289 2808 adeptus,
325 2769 345 2798 i.
385 2773 453 2799 150.
493 2769 560 2809 ejus
603 2777 676 2796 cum
695 2769 801 2798 Croeso

142 2812 298 2851 proelium,
329 2812 349 2841 i.
379 2815 427 2843 76.
451 2820 507 2843 etc.
535 2817 571 2842 ut
596 2820 628 2842 se
651 2810 799 2841 adversus

144 2854 289 2886 Croesum
311 2855 447 2895 gesserit,
464 2858 498 2886 in
513 2857 620 2886 iisdem
636 2865 732 2895 usque
749 2857 799 2886 91.

138 2904 175 2930 ut
198 2908 231 2930 se
253 2899 384 2940 gesserit
406 2904 515 2930 contra
529 2898 714 2930 rebellantes
731 2897 797 2938 Ly-

865 188 928 221 dos,
959 187 979 218 i.
1011 189 1082 219 154.
1110 193 1166 219 etc.
1195 186 1263 227 ejus
1291 187 1445 228 apologus
1474 188 1514 219 ad

865 231 969 265 Ionas,
1007 230 1026 260 i.
1068 233 1136 261 141.
1165 229 1286 261 Smerdi
1308 241 1402 271 mago
1424 242 1515 262 aures

864 279 1014 313 amputat,
1053 267 1094 302 iii.
1131 278 1181 305 69.
1218 273 1339 303 bellum
1367 274 1514 305 adversus

862 316 1064 356 Labynitem,
1090 322 1121 346 et
1149 315 1350 356 Babylonios,
1375 327 1513 357 quorum

859 361 971 391 urbem
994 361 1088 399 capit.
1114 359 1134 389 i.
1163 363 1233 389 188.
1262 363 1332 391 189.
1357 363 1514 392 190.191.

861 402 982 434 bellum
1019 409 1128 433 contra
1159 402 1320 442 Tomyrin.
1353 403 1516 444 Massage-

861 453 965 477 tarum
994 447 1144 487 reginam,
1175 444 1195 474 i.
1226 449 1297 476 205.
1312 448 1384 476 206.
1412 452 1471 477 etc.
1485 447 1515 475 in

861 500 924 530 quo
946 490 1104 520 occumbit
1137 488 1156 519 i.
1179 491 1250 518 214.
1274 489 1326 519 ubi
1339 495 1516 520 narrantur

864 539 892 563 et
907 543 978 572 qua>
994 539 1062 563 acta
1079 533 1161 563 circa
1178 533 1293 562 mortui
1308 537 1412 571 caput.

825 575 961 615 Cythera
990 575 1093 605 insula
1119 574 1312 613 Argivorum
1326 573 1460 607 ditionis.
1499 573 1520 604 i.

864 622 914 648 82.
929 617 1101 656 Templum
1116 618 1209 646 habet
1226 617 1358 646 Veneris
1375 616 1516 647 Coelestis

863 671 900 690 ex
927 660 1090 695 Aecalone,
1114 660 1133 689 i.
1159 663 1229 690 105.
1252 670 1320 689 eam
1336 659 1520 690 conducibi-

864 703 926 734 lius
957 702 1206 733 Lacedaemoniis
1220 702 1311 732 obrui
1340 713 1435 743 quam
1465 713 1519 733 ex-

865 753 938 781 tare,
955 746 1006 775 vii.
1021 749 1094 777 235.

827 789 963 829 Cythnii.
981 799 1066 829 gens,
1082 788 1133 818 vii.
1157 792 1206 820 90.
1221 787 1281 817 viii.
1298 792 1348 818 46.

829 833 1013 872 CytissoruS,
1052 832 1169 862 Phrixo
1209 830 1341 870 genitus,
1369 831 1420 861 vii.
1451 834 1521 863 197.

869 876 937 915 ejus
951 881 1146 914 posterorum
1162 873 1330 908 calamitas,
1347 874 1420 903 ibid.

830 918 990 957 Cyzicum,
1007 919 1081 947 urbs
1099 916 1308 955 Propontidis,
1325 917 1365 946 vi.
1379 921 1430 947 33.

829 960 974 1001 Cyziceni
999 960 1108 991 OEbari
1134 960 1238 989 Persae
1254 969 1287 988 se
1302 959 1430 993 dedunt.
1446 960 1523 992 ibid.

873 1004 1100 1043 Cyzicenorum
1143 1003 1260 1032 festum
1305 1001 1337 1031 in
1369 1003 1521 1035 honorem

872 1047 986 1077 Matris
1002 1047 1107 1082 deum,
1124 1045 1163 1076 iv.
1180 1049 1230 1077 76.

1157 1177 1190 1207 D

828 1263 958 1294 Dadicae
969 1262 1114 1303 populus,
1127 1262 1169 1292 iii.
1182 1266 1232 1293 91.
1243 1272 1354 1293 eorum
1365 1262 1398 1292 in
1411 1262 1526 1293 Xerxis

867 1305 1005 1336 exercitu
1020 1305 1085 1336 dux
1101 1311 1132 1335 et
1145 1312 1309 1338 armatura.
1327 1305 1376 1335 vii.
1393 1310 1444 1336 66.

832 1344 1003 1380 Daedalum
1019 1348 1149 1387 vestigat
1166 1348 1282 1383 Minos,
1302 1348 1351 1377 vii.
1372 1352 1439 1379 170.

832 1392 903 1425 Dai,
930 1393 1095 1422 Persarum
1118 1402 1227 1432 genus,
1252 1393 1271 1421 i.
1296 1395 1365 1422 125.
1379 1391 1528 1430 pecuarii,

871 1435 944 1465 ibid.

835 1479 955 1509 Damas
973 1477 1108 1518 Samyris
1123 1476 1166 1507 fil.
1179 1477 1218 1507 vi.
1237 1479 1306 1508 127.

835 1521 1094 1561 Damasithymus
1119 1519 1291 1551 Candaulis
1307 1519 1397 1555 filius,
1415 1520 1479 1550 dux
1495 1520 1528 1550 in

875 1564 971 1594 classe
989 1565 1112 1598 Xerxis,
1129 1563 1180 1593 vii.
1193 1567 1240 1595 98.
1256 1562 1528 1603 Damasithymus‚

878 1607 1124 1647 Calyndensium
1146 1617 1209 1641 rex,
1225 1606 1289 1636 viii.
1305 1609 1354 1636 87.
1369 1605 1530 1636 demersus

875 1651 913 1680 ab
934 1650 1108 1685 Artemisia,
1126 1649 1198 1679 ibid.

834 1693 956 1723 Damas
974 1693 1088 1728 Sirites,
1105 1692 1146 1722 vi.
1164 1695 1233 1723 127.

837 1736 962 1766 Damiae
977 1742 1008 1766 et
1023 1735 1168 1765 Auxesiae
1183 1735 1358 1769 simulacra,
1369 1746 1398 1766 v.
1413 1738 1462 1765 82.
1478 1737 1530 1764 83.

838 1779 957 1814 Danae,
980 1779 1091 1808 Acrisii
1109 1778 1181 1813 filia,
1201 1778 1307 1808 Persei
1323 1784 1430 1813 mater,
1442 1777 1462 1807 i.
1479 1781 1528 1809 91.

878 1822 918 1852 vi.
937 1825 1008 1852 155.
1022 1822 1072 1851 vii.
1088 1825 1139 1852 60.
1159 1824 1228 1852 150.

838 1865 972 1895 Danaus
987 1872 1017 1895 et
1034 1865 1183 1904 Lynceus
1201 1864 1397 1898 Chemmitae,
1413 1863 1444 1892 ii.
1462 1865 1512 1895 91.

836 1907 968 1938 Danaus
988 1906 1160 1937 Archandri
1175 1917 1270 1942 socer,
1287 1906 1317 1936 ii.
1333 1910 1384 1938 98.

837 1950 943 1981 Danai
957 1950 1029 1980 filiae
1047 1949 1293 1988 Thesmophoria
1307 1949 1340 1978 in
1355 1949 1533 1988 AEgyptum

878 1994 1022 2028 afferunt,
1046 1993 1077 2022 ii
1106 1996 1174 2022 171.
1196 1992 1352 2031 templum
1377 1991 1532 2021 Minervae

879 2036 966 2078 quod
1000 2035 1095 2066 Lindi
1132 2041 1185 2072 est,
1217 2041 1424 2065 extruxerunt
1453 2033 1534 2064 filios

883 2079 1016 2120 AEgypti
1030 2078 1196 2119 fugientes,
1209 2078 1240 2108 ii.
1260 2081 1328 2108 182.

839 2123 945 2154 Danai
967 2129 998 2152 et
1022 2121 1127 2152 Xuthi
1148 2121 1182 2151 in
1204 2120 1460 2160 Peloponnesum
1482 2119 1536 2150 ad-

884 2171 1004 2201 ventus,
1021 2165 1071 2195 vii.
1088 2168 1137 2196 94.

842 2209 987 2248 Daphnae
1004 2208 1149 2243 Pelusiae,
1166 2206 1197 2237 ii.
1209 2210 1260 2237 50.
1279 2209 1348 2238 107.

844 2251 989 2291 Daphnis
1008 2250 1190 2291 Abydenus,
1207 2250 1247 2279 iv.
1267 2253 1335 2280 158.

843 2295 1013 2325 Dardanus
1050 2295 1135 2331 urbs,
1171 2304 1198 2322 v.
1242 2295 1310 2324 117.
1337 2292 1533 2323 contermina

889 2338 1010 2378 Abydo,
1028 2337 1078 2367 vii.
1093 2340 1143 2367 45.

844 2380 1012 2415 Dardanei‚
1030 2381 1049 2410 i.
1068 2384 1136 2411 189.

844 2424 965 2454 Daritae
982 2422 1126 2462 populus,
1143 2421 1186 2452 iii.
1208 2425 1258 2453 92.

845 2467 963 2497 Darius
978 2476 1040 2503 rex,
1060 2465 1229 2506 Hystaspis
1243 2463 1334 2500 filius,
1351 2464 1371 2494 i.
1385 2468 1454 2495 185.
1464 2468 1538 2495 210.

882 2510 914 2540 ii.
943 2513 1014 2539 110.
1044 2509 1085 2538 ἰίἰ.
1102 2512 1152 2539 70.
1180 2508 1220 2537 vi.
1251 2511 1300 2539 98.
1329 2507 1379 2538 vii.
1397 2513 1423 2538 1.
1457 2511 1503 2538 11.
1519 2517 1536 2537 e

884 2552 1052 2592 conjuratis
1073 2551 1107 2581 in
1122 2561 1231 2591 magos
1244 2550 1306 2580 fuit
1321 2561 1412 2585 unus,
1429 2551 1472 2581 iii.
1487 2553 1539 2581 70.

887 2595 1005 2627 Darius
1018 2595 1102 2625 idem
1117 2601 1208 2624 sonat
1221 2593 1307 2634 quod
1317 2594 1427 2635 ἓςξείης,
1436 2593 1467 2624 id
1479 2599 1536 2629 est,

885 2640 1038 2673 coercitor,
1063 2638 1101 2667 vi.
1125 2641 1175 2667 98.
1197 2637 1264 2676 ejus
1286 2646 1407 2673 uxores,
1431 2637 1472 2666 iii.
1489 2640 1543 2666 88.

889 2681 981 2712 Darii
1003 2680 1098 2715 liberi,
1121 2680 1164 2710 iii.
1185 2684 1232 2709 12.
1248 2679 1298 2709 vii.
1313 2683 1341 2709 2.
1357 2684 1407 2710 64.
1423 2684 1473 2710 68.
1489 2684 1541 2711 69.

888 2728 937 2756 72.
962 2728 1012 2754 78.
1036 2727 1087 2755 97.
1113 2727 1184 2753 224.
1206 2722 1269 2752 viii.
1293 2725 1344 2754 89.
1358 2722 1398 2753 ix.
1416 2726 1486 2754 107.
1501 2722 1540 2752 de

890 2767 981 2798 Darii
1001 2767 1110 2797 futuro
1125 2776 1222 2806 regno
1240 2765 1315 2805 Cyri
1329 2765 1414 2801 visio,
1431 2766 1449 2795 i.
1466 2769 1538 2796 209.

886 2814 959 2841 210.
991 2821 1054 2850 qua
1069 2815 1133 2840 arte
1155 2809 1195 2839 ad
1217 2808 1452 2848 adipiscendum
1468 2818 1538 2847 reg-

883 2864 964 2884 num
986 2864 1069 2888 usus,
1093 2852 1135 2882 iii.
1157 2855 1206 2884 85.
1223 2856 1274 2883 86.
1289 2855 1339 2881 87.
1362 2861 1436 2881 eum
1467 2852 1539 2881 Per-

885 2907 927 2928 sae
949 2896 1038 2928 aiunt
1058 2895 1154 2927 fuisse
1169 2896 1304 2929 κάπηλον
1319 2895 1369 2933 (id
1384 2901 1436 2931 est,
1453 2895 1540 2925 insti-
