1836 3156
259 148 300 176 12

271 229 389 271 Assyrii
413 240 432 259 a
457 228 574 259 Graecis
595 227 669 258 dicti
700 226 787 267 Syrii,
821 225 872 256 vii.
904 230 956 257 65.

311 274 462 314 quamdiu
476 272 562 302 Asiae
575 270 740 309 superioris
754 269 885 308 imperio
899 279 957 308 po-

312 317 370 350 titi,
388 317 407 345 i.
423 318 472 346 95.
487 316 525 344 ab
538 315 576 343 iis
600 313 689 343 Medi
708 311 865 342 deficiunt.
883 311 957 342 ibid.

314 369 429 398 eosque
443 358 603 397 subigunt,
620 356 640 385 ἰ.
658 359 726 386 106.
769 364 878 385 eorum
892 354 959 384 bel-

313 402 382 431 lum
419 410 492 430 cum
527 400 683 433 Phraorte,
729 398 749 428 i.
781 401 851 427 102.
885 407 961 427 cum

317 445 467 482 Cyvxare,
483 442 502 471 i.
522 445 590 472 105.
632 451 743 471 eorum
757 450 843 470 arma
857 439 891 469 in
905 449 959 469 ex-

313 486 414 516 ercitu
429 485 552 519 Xerxis,
567 484 620 513 vii.
634 486 685 514 62.
707 493 760 512 eos
781 482 962 522 aggreditur

318 530 428 568 Cyrus,
444 528 462 556 i.
482 530 552 557 177.
566 534 621 557 erc.

278 573 413 603 Astacus
429 569 603 608 Bfelanippi
615 573 709 608 pater,
725 579 754 597 v.
768 570 820 598 67.

279 616 380 648 Aster‚
400 612 594 643 Anchimohi
608 618 702 650 pater,
719 621 747 639 v.
762 614 812 641 65.

279 655 442 687 Asu-abaci
452 655 552 684 herois
566 653 783 688 conditorium,
800 652 841 682 ti.
859 657 909 684 69.

280 700 440 739 Astyages
459 698 630 728 hIedorum
644 707 707 730 rex,
724 696 744 725 i.
758 700 810 726 46.
826 699 876 726 75.
892 699 961 726 107.

318 753 396 772 avus
409 749 570 771 maternus
586 739 668 779 Cyri.
686 739 706 767 i·
722 743 740 769 7
745 743 772 768 4.
789 742 838 769 75.
854 739 963 768 acerbe

316 786 451 824 imperat
464 783 576 817 Medis,
594 783 615 814 i.
636 785 705 812 125.
719 792 828 821 magos
841 780 962 811 crucifi-

315 828 369 868 git,
386 827 406 856 i.
424 831 493 859 128.
508 838 526 856 a
544 827 626 865 Cyro
636 824 719 855 bello
733 824 833 854 victus
845 831 875 854 et
890 833 963 862 cap-

317 877 377 905 tus,
394 870 414 901 i.
430 876 448 902 7
452 874 480 901 5.
498 874 566 899 128.
586 876 640 899 etc.
686 867 820 897 Arienin
834 876 967 897 uxorem

318 912 414 949 ducit,
431 915 450 943 i.
467 916 516 943 74.
531 912 598 951 ejus
612 909 740 945 somnia,
756 911 777 940 i.
802 913 871 940 107.
895 912 966 939 103.

319 963 406 996 gesta
421 965 495 986 cum
508 954 572 984 filia
590 951 759 987 Mandane,
782 952 855 982 ibid.
879 952 965 982 Har-

320 1009 403 1038 pago
417 995 519 1028 filium
534 994 762 1027 comedendum
776 994 929 1034 proponit,
947 994 967 1023 i.

323 1046 336 1072 1
346 1047 394 1073 19.
417 1040 565 1080 Astyagis
574 1046 605 1069 et
617 1039 714 1069 Croesi
725 1038 859 1068 affinitas
873 1036 967 1071 unde,

319 1095 340 1114 1.
356 1089 374 1115 7
377 1089 406 1115 5.

280 1128 414 1167 Asychis
437 1137 491 1156 rex
521 1125 752 1166 AEgyptiorum.
768 1123 800 1153 ii.
827 1127 898 1154 156.
918 1133 967 1153 res

321 1172 360 1200 ab
375 1181 412 1200 eo
423 1175 518 1210 gestae
534 1175 564 1198 et
578 1167 714 1208 pyramis
728 1167 803 1208 ejus,
820 1166 894 1198 ibid.

279 1213 416 1253 Asylum
434 1211 592 1246 Herculis,
608 1211 640 1240 ii.
657 1214 727 1241 115.

280 1256 465 1286 Atarbechis
479 1256 564 1291 urbs,
579 1254 612 1283 ii.
629 1256 680 1283 41.

279 1299 400 1329 Atarne
415 1300 495 1331 urbs,
512 1297 562 1327 vii.
577 1300 629 1327 42.

279 1342 434 1372 Atarnitis
448 1341 542 1380 regio,
559 1339 598 1368 vi.
614 1342 664 1369 28.
680 1342 730 1370 29.

279 1385 439 1414 Atarneus
454 1393 536 1422 ager,
552 1383 571 1412 i.
589 1386 656 1412 160.
673 1382 725 1411 vii.
741 1384 790 1411 42.
803 1381 916 1422 Mysiae
930 1380 964 1411 in

319 1427 458 1457 dominio
476 1426 636 1459 Chiorum,
653 1425 716 1454 viii.
733 1428 801 1455 106.

279 1470 414 1500 Atarnes
428 1469 550 1503 fluvius,
569 1468 607 1498 iv.
622 1472 673 1500 49.

277 1513 436 1543 Atarnites
453 1511 656 1550 Hermippus,
674 1510 713 1540 vi.
728 1514 759 1540 4.

280 1555 433 1585 Athamas
450 1554 535 1585 AEoli
566 1554 650 1584 filius
670 1553 749 1583 inito
763 1562 838 1582 cum
861 1552 964 1582 Inone

321 1599 456 1629 consilio.
476 1607 586 1627 necem
616 1596 734 1627 Phrixo
755 1595 962 1631 machinatur,

316 1642 367 1671 vii.
386 1645 456 1673 197.

281 1685 460 1714 Athenades
477 1683 670 1714 Trachinius.
687 1682 739 1712 vii.
755 1685 830 1713 213,

278 1729 503 1767 Athenagoras,
520 1726 643 1766 legatus
660 1724 792 1759 Samius,
807 1724 847 1754 ix,
866 1728 917 1756 90.

278 1771 423 1804 Athenae,
443 1769 622 1799 Ionicarum
644 1768 771 1797 urbium
785 1767 851 1797 sola
861 1776 964 1807 quon·

318 1812 393 1842 dam
406 1811 545 1852 insignis,
557 1811 578 1840 i.
596 1814 665 1840 1⁴13.
678 1809 815 1839 laudatae
829 1810 868 1839 ab
893 1809 964 1839 Ho-

317 1866 412 1889 mero,
434 1855 465 1884 ii.
489 1857 539 1883 28.
582 1863 734 1891 oppressae
755 1851 920 1891 tyrannide
946 1861 966 1881 a

318 1898 494 1933 Pisistrato,
511 1896 530 1925 i.
545 1901 594 1928 59.
610 1900 660 1926 60.
703 1894 868 1934 tyrannide
888 1893 967 1924 libe·

321 1948 404 1975 ratae,
429 1952 455 1970 v.
480 1943 530 1970 55.
552 1945 606 1970 etc.
651 1941 701 1968 64.
726 1941 776 1968 65.
819 1943 919 1976 captae
947 1947 966 1966 a

318 1984 434 2014 Xerxe.
451 1982 515 2012 viii.
533 1985 601 2011 151.
622 1981 737 2011 iterum
760 1990 778 2009 a
794 1979 965 2010 Blardonio

316 2034 348 2056 et
363 2027 506 2059 incensae,
523 2025 563 2054 ix.
594 2027 643 2054 13.
692 2024 889 2053 Athenarum
911 2032 965 2052 arx

315 2075 469 2108 occupata
484 2079 502 2097 a
531 2067 707 2102 Cleomene,
724 2077 752 2096 v.
768 2069 797 2097 2.
839 2065 965 2096 incensa

276 2154 521 2185 Atheniensium
535 2153 623 2194 origo
644 2152 800 2183 vetustiss.
818 2152 869 2182 vii.
894 2156 964 2184 162.

319 2208 429 2228 eorum
450 2196 578 2226 diversis
609 2196 802 2237 temporibus
836 2195 965 2226 diversae

317 2239 550 2280 appellationes,
579 2239 640 2269 viii.
664 2243 713 2268 44.
735 2237 872 2278 populus
893 2248 965 2268 xxx.

318 2283 464 2317 millium,
495 2294 524 2312 v.
551 2283 604 2314 97.
646 2282 679 2311 in
715 2282 826 2312 lonico
851 2291 966 2321 genere

316 2325 512 2365 praecellunt‚
528 2325 548 2355 i.
563 2328 614 2356 56.
628 2331 660 2355 et
676 2325 771 2354 Iones
791 2324 965 2363 appellitari

315 2369 472 2403 nolebant,
488 2368 509 2397 i.
526 2371 595 2398 145.
622 2367 752 2397 Ionibus
773 2367 965 2397 auxiliantur

316 2411 463 2441 adversus
502 2410 620 2444 Persas,
651 2421 679 2440 v.
711 2414 758 2442 97.
804 2410 900 2440 Iones
925 2411 964 2439 ab

315 2453 378 2483 illis
393 2453 587 2488 deseruntur,
604 2464 631 2482 v.
649 2456 718 2483 105.
739 2453 820 2482 inter
837 2453 965 2482 Graecos

315 2496 466 2535 sapientia
494 2496 592 2534 primi,
624 2496 643 2525 i.
681 2500 731 2526 60.
753 2505 863 2525 eorum
890 2505 965 2534 pru-

315 2539 421 2569 dentia
441 2539 475 2568 in
494 2538 577 2568 bello
601 2538 696 2568 Xerx.
717 2537 779 2568 viii.
798 2541 829 2568 5.
850 2538 890 2568 ix.
907 2542 957 2569 27.

314 2592 423 2611 eorum
436 2581 533 2610 virtus
552 2581 586 2610 in
608 2581 724 2620 proelio,
750 2581 790 2609 ix.
813 2584 863 2610 70.
888 2584 956 2610 101.

313 2624 382 2654 laus
418 2623 609 2654 fortitudinis
649 2623 688 2653 ad
726 2623 959 2660 Marathonem,

314 2668 353 2696 vi.
387 2671 456 2697 112.
493 2670 563 2696 113.
599 2666 640 2696 ix.
680 2669 731 2696 27.
777 2665 959 2696 Atheniens.

312 2715 524 2739 trecentorum
549 2709 657 2744 virtus,
680 2709 720 2738 ix.
744 2711 795 2738 21.
840 2709 956 2738 Athen.

315 2752 446 2781 Graeciae
460 2751 646 2786 liberatores,
670 2758 701 2781 et
714 2750 796 2790 regis
817 2750 957 2790 repulso-

311 2804 371 2832 res,
387 2794 437 2823 vii.
454 2797 523 2824 159.
539 2794 657 2824 nautici
672 2794 853 2823 necessitate
873 2793 956 2829 facti,

311 2837 364 2866 vii.
381 2840 448 2866 144.
464 2847 573 2867 eorum
588 2837 667 2866 vires
681 2847 698 2866 e
713 2835 844 2866 navibus
857 2846 957 2877 quan-

311 2885 360 2913 tae,
377 2879 441 2910 viii.
453 2883 503 2910 61.
522 2880 736 2910 Atheniensib.
760 2878 845 2918 leges
859 2889 878 2909 a
902 2879 958 2910 So.

309 2921 384 2954 lone
398 2922 486 2953 cond.
499 2921 519 2953 i.
536 2926 588 2954 29.
628 2932 738 2954 eorum
751 2931 864 2953 uxores
878 2932 956 2959 uxo-

862 138 1090 171 INDEX.

1040 234 1108 255 rem
1122 230 1154 254 et
1173 224 1286 256 liheros
1308 227 1437 266 Lycidae
1456 228 1610 268 lapidibus
1631 233 1687 261 ob-

1042 273 1182 301 ruerunt,
1198 275 1269 308 post
1283 270 1431 300 obrutum
1446 281 1464 300 a
1485 271 1549 301 suis
1569 273 1688 302 maritis

1045 309 1206 349 Lycidam,
1219 311 1261 340 ix.
1276 314 1305 342 5.
1319 322 1425 343 earum
1437 314 1529 343 vestis
1543 315 1685 350 mutatio,

1044 363 1073 382 v.
1086 356 1137 383 87.
1155 353 1271 383 Athen.
1279 364 1392 385 uxores
1400 366 1418 386 a
1428 356 1570 396 Pelasgis
1580 363 1693 396 captae,

1044 395 1096 425 vii.
1107 399 1179 426 158.
1196 396 1438 428 Atheniensium
1458 405 1654 439 prytaneum,
1668 399 1691 429 i.

1050 441 1119 468 146.
1140 438 1266 477 quando
1287 440 1427 470 tribuum
1449 441 1534 481 apud
1555 452 1608 472 eos
1631 452 1692 471 no-

1046 481 1133 509 mina
1146 480 1264 511 fuerint
1277 482 1450 518 immutata,
1473 495 1501 514 v.
1517 489 1568 515 69.
1592 485 1691 514 Athe-

1047 523 1205 553 niensium
1232 527 1422 565 panegyries.
1449 527 1488 557 vi.
1517 530 1588 557 111.
1608 537 1692 557 nun-

1047 576 1143 606 quam
1153 566 1258 596 solum
1269 575 1442 604 mutarunt,
1457 569 1476 598 i.
1493 574 1545 601 56.
1558 570 1608 599 w'i.
1621 573 1693 600 161.

1047 618 1155 638 eorum
1170 619 1244 639 cum
1261 610 1453 650 Mitylenaeis
1461 622 1578 652 pugna,
1594 622 1624 642 v.
1639 615 1692 643 94.

1045 650 1164 681 reditus
1179 652 1326 682 metallici
1341 664 1378 683 ex
1396 654 1529 689 Laureo,
1544 655 1596 685 vii.
1621 658 1692 685 144.

1046 695 1105 723 sub
1119 695 1259 733 tyrannis
1273 696 1397 731 infirmi,
1421 707 1449 726 ν.
1471 701 1522 728 68.
1538 701 1588 728 91.
1610 697 1642 737 5.
1664 702 1694 728 7.

1051 737 1236 767 Graecorum
1249 739 1447 777 praestantiss.
1467 739 1488 769 i.
1509 742 1560 770 56.
1603 739 1696 779 periti

1047 778 1083 808 in
1096 780 1296 820 oppugnand.
1313 782 1419 817 muris
1430 783 1470 812 ix.
1486 785 1535 812 70.
1550 782 1697 823 Tegeatis

1048 823 1284 861 praestantiores,
1296 824 1359 853 viii.
1374 828 1426 855 27.
1439 829 1490 855 28.
1512 835 1586 856 cum
1607 825 1695 866 AEgi·

1050 865 1132 895 netis
1144 872 1240 905 gesta,
1256 877 1285 896 v.
1306 871 1358 896 48.
1379 874 1434 898 etc.
1448 868 1489 897 vi.
1502 872 1554 900 49.
1574 875 1621 899 etc
1646 871 1698 899 87.

1051 907 1101 937 vii.
1118 911 1189 939 145.
1229 908 1264 938 in
1281 910 1464 941 Atheniens.
1485 917 1516 941 et
1533 910 1697 951 AEgineta·

1050 960 1124 980 rum
1136 951 1281 990 praesidio
1301 963 1388 983 mare
1415 959 1524 984 contra
1547 954 1698 990 Xerxem,

1052 993 1104 1023 vii.
1119 997 1192 1024 205.
1205 995 1414 1026 Athenienses
1425 996 1460 1026 in
1474 1007 1583 1037 pugna
1597 996 1701 1026 navali

1054 1037 1253 1074 praestantiss.
1273 1045 1345 1078 post
1367 1039 1540 1079 AEginetas,
1564 1039 1626 1069 viii.
1649 1043 1702 1070 95.

1058 1079 1243 1110 Graecorum
1256 1082 1453 1120 praestantiss.
1475 1092 1584 1122 pugna
1598 1081 1702 1112 navali

1052 1121 1093 1151 ad
1109 1122 1272 1160 Euboeam
1286 1125 1349 1155 viii.
1368 1128 1416 1156 17.
1430 1135 1538 1155 eorum
1552 1125 1700 1164 proelium

1051 1173 1125 1194 cum
1140 1165 1280 1197 finitimis
1294 1167 1380 1207 apud
1396 1167 1588 1202 Eleusinem,
1604 1169 1623 1197 i.
1647 1171 1700 1198 50.

1052 1214 1161 1236 contra
1177 1208 1432 1248 Peloponnenses
1440 1210 1653 1250 egrediuntur,
1668 1221 1699 1240 v.

1053 1252 1102 1279 74.
1117 1256 1172 1280 etc.
1194 1261 1304 1282 eorum
1325 1258 1435 1282 contra
1451 1253 1608 1292 Carystios
1627 1252 1696 1283 bel-

1050 1291 1128 1327 lum,
1144 1292 1184 1322 ix.
1218 1297 1286 1325 105.
1333 1295 1459 1325 Sestum
1479 1295 1631 1331 obsident,
1654 1295 1697 1326 ix.

1053 1337 1124 1365 114.
1137 1337 1249 1367 urbem
1263 1347 1352 1368 suam
1363 1337 1510 1368 deserunt
1523 1337 1606 1368 bello
1619 1348 1696 1368 con-

1049 1382 1097 1406 tra
1114 1378 1263 1415 Xerxem,
1279 1381 1342 1410 viii.
1355 1384 1406 1412 41.
1453 1381 1556 1411 Sardis
1566 1381 1699 1412 mittunt

1050 1420 1091 1449 ad
1105 1424 1348 1454 contrahendam
1362 1433 1438 1454 cum
1454 1424 1558 1454 Persis
1566 1423 1696 1454 societa-

1049 1468 1122 1511 tem,
1139 1471 1170 1495 et
1187 1466 1287 1497 Dario
1307 1472 1422 1497 terram
1444 1472 1475 1497 et
1489 1477 1603 1507 aquam
1624 1476 1697 1506 pro-

1049 1513 1181 1539 rmtt‘unt
1201 1509 1306 1550 legati,
1328 1520 1357 1540 v.
1382 1513 1431 1540 15.
1476 1509 1587 1539 Sardes
1607 1509 1695 1539 inva-

1050 1548 1139 1587 dunt,
1156 1551 1208 1582 vii.
1224 1556 1250 1582 1.
1266 1555 1296 1582 8.
1309 1553 1393 1592 apud
1416 1552 1552 1583 Darium
1565 1552 1699 1582 insimu-

1049 1590 1113 1628 lati,
1135 1594 1177 1623 vi.
1203 1599 1251 1626 94.
1275 1602 1308 1625 et
1328 1602 1437 1626 contra
1456 1606 1510 1626 eos
1531 1595 1697 1634 expeditio,

1049 1642 1161 1672 sumta,
1186 1637 1258 1668 ibid.
1271 1638 1304 1667 in
1329 1638 1520 1669 Salaminem
1540 1637 1703 1678 quomodo

1049 1680 1235 1715 transierint,
1259 1681 1300 1711 ix.
1315 1685 1345 1712 6.
1390 1681 1633 1712 Atheniensium
1653 1680 1700 1711 le-

1052 1722 1138 1759 gatio
1155 1723 1298 1762 Spartam
1312 1724 1414 1759 missa,
1430 1724 1470 1754 ix.
1488 1728 1516 1755 7.

1011 1760 1119 1795 Attica
1139 1775 1285 1805 oppressa
1297 1777 1317 1796 a
1333 1767 1502 1801 Pisistrato,
1519 1767 1540 1796 i.
1555 1770 1606 1798 59.
1637 1765 1699 1796 At·

1053 1807 1148 1838 ticam
1175 1814 1286 1848 quater
1306 1809 1438 1849 ingressi
1461 1810 1574 1845 Dores,
1597 1820 1625 1838 v.
1648 1813 1700 1840 76.

1055 1851 1172 1881 Atticae
1186 1861 1336 1891 magnam
1350 1858 1470 1890 partem
1483 1858 1605 1881 vastant
1622 1851 1700 1881 Per-

1053 1904 1103 1929 sae,
1120 1894 1160 1923 vi.
1184 1897 1254 1924 102.
1302 1894 1410 1924 Attica
1423 1894 1526 1924 multo
1539 1894 1640 1935 magis
1658 1893 1700 1924 ad

1051 1942 1194 1967 austrum
1230 1936 1331 1977 vergit
1358 1946 1454 1977 quam
1485 1937 1636 1972 Lemnus,
1659 1937 1702 1967 vi.

1052 1983 1123 2011 159.
1141 1979 1248 2009 Attica
1262 1979 1348 2019 regio
1369 1989 1434 2009 non
1448 1979 1634 2020 equitabilis,
1656 1979 1699 2010 ix.

1055 2025 1103 2053 15.
1120 2022 1228 2052 Attica
1242 2032 1327 2062 gens,
1344 2021 1517 2062 Pelasgica,
1535 2022 1569 2051 in
1585 2021 1699 2053 Helle·

1050 2075 1106 2095 nes
1133 2065 1293 2100 transiens,
1315 2064 1460 2105 linguam
1490 2064 1698 2105 Pemgorum

1049 2107 1195 2147 perdidit,
1212 2108 1231 2138 i.
1249 2112 1301 2139 57.
1331 2107 1458 2138 Atticus
1473 2107 1660 2144 medimnus,
1676 2107 1701 2140 i.

1054 2155 1123 2182 192.
1145 2150 1324 2181 medimnus
1343 2150 1463 2185 farinae,
1492 2161 1556 2182 non
1577 2151 1696 2190 adjecto

1050 2195 1152 2225 vocab.
1215 2194 1349 2228 Atticus,
1364 2193 1404 2224 vi.
1419 2197 1470 2225 57.
1517 2193 1697 2224 Atticarum

1050 2236 1221 2267 mulierum
1232 2237 1340 2271 caedes,
1356 2236 1396 2267 vi.
1414 2240 1483 2266 158.

1011 2280 1114 2310 Athos
1126 2290 1226 2316 mons,
1242 2279 1282 2309 vi.
1292 2283 1344 2309 44.
1357 2285 1389 2309 et
1404 2283 1453 2310 95.
1468 2278 1518 2308 vii.
1534 2282 1583 2308 21.
1626 2279 1695 2320 ejus

1050 2322 1222 2362 descriptio,
1244 2322 1295 2352 νῦ.
1326 2325 1376 2352 22.
1397 2321 1479 2352 circa
1501 2322 1612 2352 Athon
1628 2322 1696 2361 jac.

1049 2372 1121 2396 tura
1146 2365 1250 2395 classis
1262 2365 1404 2400 Persicae,
1420 2365 1459 2394 vi.
1472 2368 1522 2394 44.
1531 2370 1562 2394 et
1578 2367 1628 2396 95.
1643 2364 1694 2394 vii.

1051 2412 1101 2439 21.
1145 2409 1274 2439 effossus
1295 2418 1313 2438 a
1330 2407 1498 2439 Persarum
1518 2407 1622 2447 copiis,
1644 2406 1698 2438 vii.

1050 2455 1101 2482 21.
1115 2458 1171 2483 etc.
1190 2456 1258 2482 122.

1011 2495 1126 2525 Athres
1140 2494 1261 2528 fluvius,
1277 2494 1317 2525 iv.
1330 2499 1382 2527 49.

1005 2537 1203 2567 Athribitana
1217 2537 1318 2578 plaga,
1335 2538 1367 2569 ii.
1381 2542 1451 2570 166.

1003 2580 1095 2611 Atlas
1107 2579 1230 2614 fluvius,
1247 2580 1286 2610 iv.
1301 2584 1352 2612 49.

1006 2622 1098 2653 Atlas
1112 2633 1210 2656 mons,
1226 2622 1266 2652 iv.
1285 2626 1354 2655 184.
1375 2623 1444 2664 ejus
1457 2622 1629 2663 descriptio,
1652 2621 1694 2653 ib.

1005 2665 1150 2696 Atlantes
1164 2665 1306 2696 homines
1319 2665 1507 2696 innominati
1521 2675 1693 2706 eorumque

1043 2707 1214 2747 descriptio,
1235 2708 1274 2738 iv.
1292 2712 1360 2739 184.
1375 2708 1461 2739 unde
1475 2708 1560 2743 dicti,
1574 2707 1650 2738 ibid.

1003 2749 1198 2782 Atlanticum
1214 2761 1308 2787 mare,
1325 2752 1345 2780 i.
1359 2755 1431 2782 205.

1002 2794 1124 2828 Atossa,
1144 2794 1307 2833 Cambysis
1320 2804 1406 2823 soror
1420 2800 1451 2823 et
1468 2793 1611 2829 Smerdis
1635 2803 1687 2824 ea-

1044 2837 1117 2866 dem
1139 2836 1301 2876 Cambysis
1314 2845 1401 2872 uxor,
1431 2842 1463 2866 et
1495 2836 1589 2877 magi,
1618 2841 1690 2876 post

1046 2878 1144 2913 Darii,
1158 2879 1200 2909 iii.
1216 2883 1266 2909 68.
1282 2882 1331 2909 88.
1375 2878 1444 2918 ejus
1457 2878 1549 2909 ulcus
1562 2879 1596 2909 in
1618 2889 1686 2908 ma-

1043 2921 1133 2953 milia
1145 2932 1165 2952 a
1188 2921 1369 2954 Democede
1390 2928 1546 2958 sanatum,
1558 2922 1600 2954 iii.
1617 2924 1689 2955 155.
