1836 3156
739 106 969 140 INDEX.

139 205 210 227 eam
224 195 386 227 constituit
402 194 436 225 in
451 193 576 226 Graecia
591 192 788 230 Mardonius,

139 239 179 270 vi.
194 243 244 269 45.

101 282 311 316 Democritus,
336 281 382 311 vir
397 280 533 317 illustris,
558 287 589 311 et
614 279 792 310 Naxiorum

140 325 332 360 trierarchus,
358 324 408 354 vii.
422 328 474 354 46.

101 367 269 398 Demonax
284 377 303 396 a
326 367 512 402 Mantineis,
537 365 697 407 Cyrenaeis
718 365 791 396 mis-

143 421 196 440 sus
209 410 282 449 reip.
300 410 535 446 constituendae,
559 409 598 439 iv.
616 413 687 440 161.

102 453 290 483 Demonous
308 453 456 493 Penthyli
470 459 564 492 pater,
587 452 638 483 vii.
660 454 728 484 195.

102 495 315 535 Demophilus
333 496 516 526 Diadromae
532 495 622 532 filius,
639 495 691 525 vii.
706 498 778 524 222.

101 538 192 568 Dens
209 539 339 578 Hippiae
353 540 430 569 tussi
446 549 595 569 excussus
616 537 787 568 evanescit:

142 587 174 610 et
188 581 266 621 quid
280 583 337 611 hac
352 592 385 611 re
399 588 591 621 portentum,
614 582 654 611 vi.
672 585 742 612 107.

100 623 223 654 Dentes
238 634 276 654 ex
296 635 361 655 uno
385 635 453 655 osse
469 624 613 659 universi,
638 631 703 654 tam
722 634 790 653 mo-

141 666 220 697 lares
243 678 338 708 quam
364 668 465 703 ceteri,
491 668 523 697 in
545 667 682 708 quadam
704 676 792 696 max-

137 709 199 745 illa,
223 710 264 740 iri.
277 714 329 741 85.
357 731 360 734 -

98 751 151 782 De
180 752 321 792 deposito
351 753 429 783 nihil
467 753 553 783 aliud
584 752 789 794 cogitandum

137 806 234 836 quam
250 802 285 826 ut
298 797 450 836 repetenti
471 796 628 831 reddatur,
652 795 791 836 quidque

137 839 284 870 acciderit
305 840 431 870 cuidam
453 839 631 879 depositum
654 838 789 879 neganti,

140 882 179 912 vi.
200 886 253 913 86.

97 923 263 961 Demsiaei,
282 925 450 955 Persarum
465 935 574 966 genus,
598 925 618 954 i.
634 927 705 955 125.

98 967 221 997 Dersaei
245 968 386 998 Thraciae
400 968 539 1008 populus
570 968 621 998 vii.
636 971 705 997 110.

99 1011 277 1050 Descriptio
299 1012 448 1050 temporis
469 1021 634 1051 nunquam
652 1009 789 1042 finiendi·

139 1064 167 1082 v.
183 1057 233 1085 92.

98 1096 261 1126 Detractio
277 1107 325 1126 res
340 1097 451 1127 deterr.
469 1097 519 1127 vii.
540 1100 587 1127 10.
604 1096 633 1136 ἕ.
650 1098 679 1127 7.

99 1139 280 1169 Deucalion
293 1150 355 1174 rex,
379 1141 397 1169 i.
412 1144 463 1171 56.

99 1181 191 1212 Deus
207 1183 451 1212 eminentissima
472 1182 590 1222 gaudet
604 1181 784 1221 deprimere,

137 1225 190 1255 vii.
222 1230 270 1256 10.
301 1228 332 1266 §.
363 1230 392 1256 5.
421 1225 517 1255 deum
539 1231 670 1261 tentare,
704 1224 788 1254 idem

134 1268 221 1308 quod
236 1279 329 1308 prave
352 1269 461 1299 faeere.
485 1269 525 1297 vi.
546 1271 594 1299 86.
620 1268 651 1308 ᾗ.
666 1271 696 1298 5.
711 1269 789 1297 deus

133 1311 220 1351 quod
235 1311 300 1341 fieri
315 1311 393 1347 vult,
416 1321 509 1341 nemo
524 1310 662 1350 effugiat,
685 1311 725 1339 ix.
742 1314 790 1340 16.

135 1353 279 1385 invidens
287 1354 359 1384 vitae
373 1356 522 1384 humanae
534 1362 642 1392 spatio,
666 1353 718 1383 vii.
738 1357 788 1383 46.

135 1397 356 1438 praesigniflcat
379 1398 519 1438 ingentia
542 1396 624 1426 mala
645 1397 710 1427 orbi
734 1402 790 1426 aut

134 1441 256 1480 regioni
282 1447 423 1475 ventura,
444 1451 485 1470 vr.
508 1443 559 1471 27.
582 1440 673 1470 Deus
700 1440 789 1470 Grae-

134 1494 253 1519 corum,
278 1484 297 1514 i.
323 1488 373 1516 90.
398 1484 437 1514 de
453 1483 508 1513 illo
530 1483 626 1522 impia
640 1482 790 1523 cogitatio

137 1527 253 1566 Apriae,
281 1527 310 1557 ii.
336 1531 405 1559 169.
425 1527 514 1558 Deos
528 1536 622 1556 nemo
651 1525 727 1556 latet
756 1526 791 1555 in

134 1569 308 1604 sceleribus,
332 1570 394 1600 viii.
421 1574 491 1601 106.

94 1612 239 1643 Deorum
261 1614 363 1653 νέμεσις
385 1615 436 1644 καὶ
449 1613 560 1652 φθῆνας,
583 1612 603 1641 ἰ.
620 1616 670 1642 54.
687 1611 729 1642 iii.
741 1615 789 1641 40.

137 1656 187 1686 vii.
217 1660 264 1687 10.
288 1657 317 1696 ᾗ.
335 1660 364 1688 5.
388 1656 453 1686 viii.
480 1660 548 1686 106.
565 1662 594 1686 et
610 1659 682 1687 109.
710 1654 789 1684 invi-

136 1698 222 1728 diam
238 1700 375 1729 excitant
388 1709 476 1729 acres
496 1699 649 1732 vindictae,
678 1698 716 1727 iv.
734 1699 790 1728 ult.

136 1741 199 1771 viii.
219 1746 285 1773 106.
312 1744 390 1772 deus
409 1744 448 1772 ab
474 1741 634 1782 AEgyptiis
649 1742 790 1771 verbera-

136 1790 190 1814 tur
214 1784 352 1826 quidam,
376 1785 406 1815 ii.
438 1788 507 1815 152.
532 1785 664 1814 deorum
686 1785 732 1813 ira
756 1783 789 1812 in

136 1835 267 1867 nepotes
291 1828 386 1858 etiam
415 1827 604 1862 extenditur,
636 1827 687 1856 vii.
719 1830 789 1857 157.

137 1870 306 1900 duodecim
321 1871 453 1900 deorum
470 1870 660 1910 cognomina
675 1870 713 1899 ab
731 1869 789 1898 AE-

138 1914 254 1953 gyptiis
287 1913 391 1944 Graeci
420 1919 495 1944 sunt
520 1913 666 1948 mutuati,
699 1912 730 1942 ii.
760 1916 789 1942 4.

138 1966 224 1986 sacra
238 1963 396 1997 peragunt
418 1956 481 1986 inus
512 1956 726 1990 Athenienses,
750 1955 791 1985 vi.

139 2002 209 2029 108.
224 2000 331 2030 omnia
352 2000 417 2029 fere
439 1999 572 2029 deorum
596 1998 725 2028 nomina
750 2008 789 2027 ex

138 2042 281 2083 AEgypto
296 2043 330 2072 in
348 2043 503 2073 Graeciam
519 2047 735 2082 pervenerunt,
759 2041 790 2070 ii.

135 2089 187 2115 50.

97 2128 156 2158 Dii
183 2129 335 2159 Arabum.
359 2128 401 2159 iii.
428 2133 459 2159 8.
474 2128 622 2168 Libyum‚
654 2127 693 2158 iv.
722 2130 791 2157 188.

142 2172 337 2211 Scytharum,
370 2172 410 2201 iv.
440 2176 491 2203 59.
514 2172 681 2206 Thracum,
708 2181 737 2200 v.
761 2174 789 2201 7.

140 2214 253 2249 Graeci,
277 2226 305 2245 v.
320 2218 371 2247 49.
380 2214 510 2255 regales,
535 2225 563 2244 v.
583 2219 650 2245 106.
666 2216 788 2249 XSo'vm,

136 2257 176 2287 iv.
191 2261 240 2288 55.
259 2257 332 2288 deos
346 2265 492 2288 externos
514 2258 647 2298 exigunt
664 2256 788 2292 Caunii,

136 2299 158 2330 ἱ.
175 2304 243 2331 172.

98 2343 297 2374 Diacton'des
318 2350 407 2383 pater
444 2343 644 2383 Eurydames
681 2342 788 2373 uxoris

141 2386 358 2426 Leutychidis,
383 2388 422 2418 vi.
439 2391 490 2417 71.

99 2429 298 2460 Diactorides
316 2430 502 2464 Cranonius,
530 2440 616 2460 unus
640 2440 658 2459 e
688 2428 791 2469 procis

139 2472 305 2513 Agaristae,
327 2474 368 2503 vi.
387 2478 456 2504 127.

94 2513 283 2546 Diadromes
301 2516 482 2556 Demophili
499 2522 598 2555 pater,
623 2515 672 2545 vii.
689 2519 762 2545 222.

97 2558 203 2588 Diana
221 2559 323 2589 Osiris
343 2570 399 2590 seu
418 2559 554 2599 Dionysi
568 2558 640 2594 filia,
665 2559 696 2588 ii.
715 2561 786 2589 156.

134 2611 204 2631 eam
226 2602 346 2633 Cereris
368 2602 465 2632 filiam
480 2602 566 2632 unde
579 2601 688 2632 fecerit
711 2601 786 2631 AEs-

133 2644 252 2685 chylus,
287 2645 352 2676 ibid
379 2645 528 2676 Bubastis
556 2647 595 2675 ab
630 2644 790 2685 AEgyptiis

134 2687 225 2723 dicta,
251 2689 324 2719 ibid.
339 2696 368 2719 et
398 2693 465 2719 157.
492 2687 664 2727 Templum
690 2689 786 2722 Buto,

135 2731 165 2760 ii.
186 2735 254 2762 155.
272 2732 387 2762 Diauae
402 2733 520 2762 festum
535 2732 568 2760 in
586 2733 733 2772 xlzgypto,
757 2730 787 2760 ii.

137 2778 206 2805 157.
220 2775 307 2805 aliud
322 2775 407 2815 apud
425 2776 631 2807 Brauronem.
662 2775 703 2804 vi.
721 2777 791 2804 158.

137 2817 253 2848 Dianae
267 2819 423 2858 templum
437 2820 576 2848 maxime
591 2816 791 2848 memorabile

136 2861 222 2901 apud
249 2861 413 2895 Bubastin⁷
438 2861 469 2891 ii.
498 2865 566 2892 157.
589 2865 656 2892 158.
676 2861 790 2892 Dianae

131 2903 288 2943 templum
306 2905 398 2939 Sami,
412 2905 454 2934 iii.
465 2908 514 2934 48.
530 2904 570 2934 ad
587 2904 783 2939 Trachinem,

1487 107 1530 134 23

876 194 928 225 vii.
944 196 1013 225 176.
1041 192 1150 224 Diana
1171 193 1263 235 regia,
1286 194 1325 225 iv.
1337 198 1388 225 55.
1412 194 1528 225 Dianae

879 236 1034 267 Orthosiae
1049 247 1109 272 ara,
1133 237 1172 267 iv.
1199 241 1249 268 87.
1277 238 1392 268 Diana:
1416 248 1527 268 oracu-

876 279 952 315 lum,
977 280 1008 309 ii.
1032 283 1082 310 85.
1100 280 1215 310 Dianae
1230 281 1341 310 urbem
1364 291 1455 311 suam
1470 281 1526 311 do-

877 329 954 353 nant
971 323 1100 362 Ephesii
1110 323 1233 357 obsessi,
1257 323 1278 353 i.
1300 327 1351 354 26.
1372 323 1527 363 templum

878 365 912 395 in
930 366 1109 400 Artemisio,
1132 366 1184 396 vii.
1202 370 1272 397 176.

839 409 950 439 Dicaea
964 410 1045 443 urbs
1070 408 1118 438 vii.
1140 413 1209 440 109.

838 452 975 487 Dicaeus,
1012 451 1189 491 Theocydis
1203 451 1294 487 filius,
1328 452 1410 488 exul,
1443 454 1530 493 apud

879 494 995 525 Medos
1008 493 1144 531 illustris,
1162 494 1223 524 viii.
1242 498 1293 526 65.
1310 495 1456 536 quaedam
1471 497 1530 527 sibi

878 538 943 567 visa
978 543 1123 577 portenta
1159 544 1271 574 narrat,
1320 540 1530 570 Demaratum

880 587 989 611 testem
1005 580 1112 616 citam,
1137 581 1199 610 viii.
1211 584 1262 612 65.

838 624 958 663 Dictys,
982 623 1106 657 animal,
1131 623 1171 652 iv.
1190 627 1259 655 192.

838 667 1010 706 Dictynnae
1025 665 1193 696 delubrum
1219 672 1250 696 et
1266 677 1285 697 a
1299 668 1414 708 quibus
1429 675 1528 699 struc-

877 716 955 744 tum,
981 709 1022 739 iii.
1037 712 1088 741 59.

835 752 984 783 Dienecis
1002 752 1145 792 Spartani
1158 752 1257 783 virtus
1272 753 1312 782 ad
1336 753 1530 794 Thermopy-

875 795 929 829 las.
952 796 1003 825 vii.
1019 799 1091 826 226.
1105 796 1173 835 ejus
1186 795 1318 833 dictum,
1340 796 1414 826 ibid.

837 839 923 874 Dies,
940 844 1067 877 repente
1081 848 1143 868 nox
1157 838 1266 874 factus
1291 838 1309 868 i.
1327 841 1379 870 47.
1397 843 1466 869 105.
1480 840 1532 872 vii.

875 886 927 913 57.
941 888 1026 912 certo
1046 881 1096 911 die
1115 891 1180 911 non
1201 881 1408 922 egrediuntur
1432 883 1533 914 Lace-

877 925 1025 954 daemonii
1051 924 1091 954 ad
1116 924 1245 958 bellum,
1282 925 1322 954 vi.
1361 929 1432 956 106.
1468 926 1531 956 diei

878 967 990 997 natalis
1009 968 1182 998 observatio
1203 967 1288 1007 apud
1311 968 1488 1008 AEgyptios,
1500 970 1533 999 ii.

877 1015 929 1041 42.
944 1011 1005 1041 diei
1020 1011 1055 1040 in
1070 1012 1162 1040 horas
1177 1010 1353 1041 distributio
1374 1022 1393 1041 a
1415 1012 1530 1052 quibus

877 1055 967 1089 facta,
992 1054 1023 1084 ii.
1047 1058 1075 1084 4.
1103 1055 1169 1090 iter,
1203 1054 1243 1083 iv.
1270 1057 1339 1084 101.
1364 1055 1430 1084 dies
1453 1055 1529 1086 varii

880 1097 954 1127 vitae
968 1097 1145 1130 hominum,
1169 1097 1189 1127 i.
1199 1101 1252 1127 52.
1281 1117 1284 1120 ·

838 1139 1041 1180 Dindymene
1056 1145 1163 1174 mater,
1187 1139 1207 1170 i.
1223 1143 1273 1170 82.

834 1183 1007 1213 Diomenes
1026 1182 1158 1213 Gelonis
1172 1189 1267 1221 pater,
1292 1183 1343 1214 vii.
1361 1187 1429 1214 145.

833 1225 1022 1256 Dinomedis
1037 1226 1176 1268 ἀριστεία,
1193 1226 1224 1255 ii.
1242 1230 1312 1257 116.

835 1269 924 1299 Dion
938 1270 1020 1304 urbs,
1043 1269 1096 1298 vii.
1107 1273 1158 1298 22.

836 1311 1111 1351 Dionysiophanes
1127 1312 1293 1351 Ephesius,
1314 1312 1355 1342 ix.
1373 1317 1424 1344 84.

836 1354 1009 1394 Dionysius
1036 1355 1242 1392 Phocaeensis,
1274 1355 1379 1386 classis
1409 1358 1526 1388 Ionum

876 1397 941 1428 dux
957 1398 1086 1439 ejusque
1101 1398 1141 1428 ad
1163 1399 1258 1429 Iones
1281 1400 1387 1435 oratio,
1413 1402 1455 1430 vi.
1480 1405 1527 1431 11.

875 1451 924 1471 res
953 1442 992 1471 ab
1022 1452 1060 1471 eo
1082 1447 1187 1482 gestae,
1212 1441 1287 1472 ibid.
1311 1449 1340 1473 et
1369 1454 1429 1484 seq.
1460 1450 1532 1484 post

876 1483 999 1514 cladem
1011 1484 1130 1515 Ionum
1142 1495 1206 1525 quo
1217 1485 1384 1520 devenerit,
1408 1487 1449 1518 vi.
1482 1491 1533 1518 17.

836 1527 1011 1567 Dionysus,
1038 1527 1196 1567 Apollinis
1211 1534 1242 1558 et
1260 1529 1375 1558 Dianae
1389 1536 1484 1569 pater,
1501 1531 1535 1560 ii.

882 1574 950 1602 156.
967 1581 986 1601 e
1006 1570 1129 1600 Semele
1146 1571 1258 1601 Cadmi
1282 1571 1347 1601 filia
1370 1583 1389 1602 a
1412 1574 1533 1604 Graecis

875 1620 1008 1653 putatur
1022 1614 1155 1654 genitus,
1181 1615 1212 1644 ii.
1240 1619 1308 1646 145.
1330 1615 1483 1647 educatus
1496 1617 1531 1646 in

876 1657 1005 1697 regione
1026 1657 1293 1693 cinnamomifera,
1329 1658 1373 1688 iii.
1397 1663 1466 1690 111.
1492 1661 1532 1690 ab

876 1700 958 1731 Jove
982 1700 1108 1730 insutus
1137 1700 1171 1729 in
1201 1700 1327 1737 femore,
1360 1702 1389 1732 ii.
1417 1706 1486 1734 146.
1511 1714 1529 1733 e

877 1742 1010 1773 deorum
1024 1743 1199 1773 novissimis
1208 1745 1294 1783 apud
1312 1745 1448 1781 Graecos‚
1466 1756 1532 1777 non

877 1793 908 1816 et
916 1786 1002 1825 apud
1014 1786 1190 1826 AEgyptios‚
1208 1787 1238 1817 ii.
1254 1791 1324 1819 145.
1339 1789 1530 1829 AEgyptiace

880 1830 982 1860 Osiris
996 1829 1110 1865 dictus,
1124 1830 1154 1859 ii.
1174 1834 1244 1860 144.
1257 1830 1391 1872 Dionysi
1403 1832 1528 1868 festum,

877 1872 920 1901 iii.
950 1875 1000 1903 97.
1028 1872 1164 1912 Dionysi
1192 1873 1356 1910 trieterica,
1388 1875 1428 1905 iv.
1461 1880 1530 1906 108.

878 1915 1041 1955 Dionysus
1055 1922 1087 1945 et
1111 1916 1231 1946 Urania
1252 1918 1291 1946 ab
1309 1918 1469 1948 Arabibus
1482 1919 1532 1948 in-

877 1964 1029 1989 vocantur
1051 1958 1084 1987 in
1106 1958 1223 1989 foedere
1246 1959 1397 1998 ineundo,
1432 1961 1475 1991 iii.
1497 1965 1529 1992 8.

879 2001 1037 2031 Arabibus
1050 2001 1162 2032 Urotal
1176 2002 1288 2039 dictus,
1311 2003 1386 2034 1bid.

836 2044 994 2078 Dioscuri,
1009 2044 1049 2074 vi.
1069 2047 1135 2075 127.
1149 2055 1257 2076 eorum
1273 2056 1391 2079 nomen
1407 2047 1531 2088 AEgyp-

878 2087 929 2117 tiis
939 2087 1094 2127 ignotum,
1111 2088 1141 2117 ii.
1157 2091 1208 2119 50.

838 2131 1058 2170 Dipaeensium
1069 2131 1223 2170 proelium,
1240 2131 1281 2162 ix.
1295 2136 1347 2162 54.

835 2173 986 2213 Dipodes,
1010 2175 1151 2204 murium
1162 2185 1271 2215 genus,
1294 2175 1334 2205 iv.
1353 2179 1423 2207 192.

837 2217 924 2248 Dirae
939 2217 973 2246 in
987 2217 1095 2256 capita,
1119 2218 1148 2247 ii.
1166 2222 1218 2248 59.

836 2260 1065 2300 Dithyrambus
1103 2261 1302 2292 Harmatidae
1338 2261 1431 2299 filius,
1478 2264 1529 2294 vii.

835 2346 1118 2387 Dithyramborum
1142 2353 1252 2378 auctor
1280 2348 1351 2389 quis
1379 2348 1484 2386 fuerit,
1509 2351 1527 2382 i.

875 2393 926 2420 25.

837 2433 1002 2463 Divinatio
1029 2433 1263 2474 AEgyptiorum‚
1295 2434 1327 2464 ii.
1354 2439 1404 2466 85.
1430 2436 1532 2467 Nasa-

878 2487 1020 2512 monum,
1044 2487 1083 2507 iv.
1103 2481 1171 2508 172.
1190 2478 1385 2518 Scytharum,
1412 2479 1451 2509 iv.
1479 2484 1530 2511 67.

879 2519 985 2550 divina
1012 2520 1206 2560 praeferenda
1233 2522 1387 2557 humanis,
1424 2533 1451 2552 v.
1480 2527 1534 2554 65.

873 2563 1016 2593 divinum
1031 2564 1109 2604 quid
1122 2563 1265 2595 videatur
1281 2565 1457 2602 Herodoto,
1473 2566 1528 2597 vii.

876 2610 946 2638 157.

834 2650 1018 2682 Divinitatis
1032 2651 1128 2681 solers
1143 2651 1310 2691 prudentia
1331 2661 1407 2693 erga
1426 2653 1530 2683 homi-

875 2704 938 2727 nes.
961 2695 1004 2725 iii.
1019 2698 1091 2725 108.

836 2738 978 2768 Doberes
989 2749 1060 2778 pop.
1080 2737 1226 2773 Paeoniae,
1237 2749 1266 2768 v.
1283 2741 1331 2768 16.
1347 2738 1397 2768 vii.
1416 2742 1487 2771 113.

837 2781 982 2812 Dodona.
1005 2781 1035 2812 ii.
1051 2785 1103 2813 52.
1122 2784 1173 2812 58.
1197 2781 1403 2812 Dodonaeum
1418 2793 1528 2814 oracu-

877 2823 954 2861 lum,
977 2824 997 2854 i.
1022 2829 1074 2856 46.
1087 2824 1119 2854 ii.
1145 2828 1196 2855 52.
1211 2828 1262 2856 55.
1287 2824 1528 2856 Dodonaeorum

877 2867 1038 2904 antistites,
1063 2868 1094 2898 ii.
1117 2872 1170 2899 55.
1207 2868 1374 2904 Dodonaei,
1411 2868 1451 2899 iv.
1475 2873 1527 2900 55.

876 2910 1049 2943 Dodonaeae
1064 2911 1227 2948 columbae,
1252 2911 1282 2942 ii.
1297 2914 1348 2943 55.
1364 2914 1413 2943 57.
