1836 3156
737 102 962 134 INDEX.
1547 113 1588 144 29

122 191 194 228 thia,
244 190 344 222 Dario
380 190 499 224 datum,
544 189 584 219 iv.
627 191 694 219 152.
735 192 805 219 154.

128 235 264 274 Gobryae
300 244 387 266 uxor,
432 232 521 263 Darii
559 242 652 267 soror,
690 231 740 261 vii.
778 235 815 263 5.

130 277 266 317 Gobryae
281 275 345 306 filia
358 286 439 306 uxor
463 275 564 310 Darii,
586 275 628 305 vii
652 278 681 305 2.

85 320 221 350 Gonnus
236 320 317 353 urbs,
339 319 390 348 vii.
410 322 477 348 12¹8.
505 322 574 349 175.

87 362 235 397 Gordius,
262 361 363 391 Midae
389 368 484 401 pater,
514 361 535 392 i.
567 364 614 391 14.
642 360 703 391 viii.
735 363 805 391 138.

125 415 202 435 avus
220 404 353 439 Adrasti,
377 404 397 434 i.
412 408 464 435 55.
479 407 529 435 55.

89 448 198 488 Gorgo
227 446 406 477 Cleomenis
438 447 512 482 filia,
549 457 578 476 v·
608 450 659 477 48.
687 452 807 486 patrem

127 491 203 520 scite
228 496 335 520 monet
359 496 395 520 ut
421 490 478 520 sibi
493 495 599 520 caveat
622 491 661 520 ab
686 489 805 519 Arista—

125 543 209 575 gora,
247 543 274 563 v.
312 536 362 563 51.
391 533 500 563 eadem
532 532 682 563 Leonidae
717 541 805 568 uxor,

126 583 163 606 ut
195 576 356 606 Demarati
379 575 509 606 tabellas
545 576 656 615 aperiri
692 585 806 605 monu-

127 618 193 654 erit,
210 619 260 648 vii.
276 623 347 650 259.

86 662 245 702 Gorgonis
260 668 354 701 caput
368 672 405 691 ex
426 661 533 691 Africa
555 661 645 691 affert
663 661 804 697 Perseus,

125 705 157 734 ii.
173 708 223 736 91.

86 748 214 787 Gorgus
245 746 411 778 Salaminis
442 747 565 786 Cypriae
594 757 656 783 rex,
684 757 712 778 V.
734 750 805 778 104.

126 791 189 820 viii.
216 794 243 819 2⁹.
266 794 310 819 11.
342 789 492 829 spoliatus
520 800 537 819 a
556 790 658 826 fratre,
681 801 710 820 ν.
738 793 807 820 104.

126 843 196 863 eam
211 833 327 871 recipit,
351 844 377 862 v.
396 837 467 863 115.

86 877 222 916 Gorgns‚
257 875 381 906 Chersis
409 875 501 912 filius,
540 876 604 906 dux
640 875 674 905 in
710 874 806 905 classe

128 919 252 954 Xerxis,
269 919 319 948 vii.
337 922 385 950 98.

89 962 212 993 Graecia
248 962 450 1000 temperatiss.
491 960 565 991 anni
608 966 807 999 tempestates

127 1005 244 1038 sortita,
284 1004 326 1034 iii.
356 1008 427 1035 106.
466 1004 589 1034 Graecia
617 1004 807 1043 paupertatis

123 1047 262 1082 alumna,
314 1048 427 1086 hospes
463 1046 594 1082 virtutis,
640 1047 690 1076 vii.
738 1050 807 1077 1022.

127 1101 193 1121 non
237 1091 461 1128 imperatorum
503 1090 610 1130 indiga
649 1089 681 1118 in
723 1089 806 1119 bello

126 1133 212 1163 Pers.
236 1132 291 1162 sed
314 1132 474 1168 exercitus,
509 1133 560 1163 vii.
586 1136 656 1163 161.
682 1133 714 1161 in
737 1143 807 1162 eam

124 1176 217 1216 primi
240 1186 259 1205 a
290 1175 388 1206 Dario
416 1175 626 1215 exploratores
647 1175 742 1211 missi,
765 1175 809 1204 iii.

131 1222 199 1250 155.
248 1222 316 1249 158.
362 1219 492 1248 Graeciae
530 1218 680 1248 infensior
722 1218 808 1248 unde

123 1262 264 1292 redditus
292 1261 421 1298 Darius,
446 1261 496 1291 vii.
520 1265 569 1292 51.
592 1262 626 1291 in
651 1261 808 1291 Graeciam

126 1307 344 1335 caduceatores
368 1304 454 1334 missi
483 1304 523 1334 ad
548 1304 720 1344 petendum
745 1310 806 1333 ter-

87 1372 91 1373 .
125 1358 193 1378 ram
223 1354 254 1377 et
277 1357 403 1388 aquam,
433 1347 472 1377 vi.
498 1351 549 1378 48.
577 1347 626 1377 vii.
649 1351 700 1377 32.
719 1347 807 1377 Grae-

129 1391 177 1421 cia
201 1402 219 1421 a
234 1401 297 1431 quo
311 1397 451 1430 tempore
466 1396 497 1421 et
520 1391 578 1420 sub
601 1390 715 1432 quibus
735 1390 807 1429 plus

124 1434 199 1463 mali
214 1444 309 1472 passa,
334 1434 374 1463 vi.
386 1437 436 1464 98.

89 1477 274 1507 Graecorum
289 1482 319 1506 et
337 1476 504 1506 Persarum
519 1475 552 1505 in
567 1476 657 1506 cultu
679 1476 812 1506 deorum

130 1519 262 1554 collatio,
314 1519 331 1549 i.
381 1523 450 1549 151.
489 1519 674 1549 Graecorum
710 1529 806 1550 coenae

126 1574 193 1603 quo
222 1562 305 1593 dicto
333 1572 351 1591 a
369 1562 472 1592 Persis
500 1562 756 1603 perstringantur,
788 1561 807 1591 i.

131 1610 200 1636 135.
249 1606 431 1636 Graecorum
482 1605 636 1635 festorum
680 1604 808 1635 nomina

127 1648 237 1679 eadem
275 1649 364 1678 litera
394 1648 515 1684 finiunt,
554 1648 574 1677 i.
602 1651 670 1678 148.
717 1648 806 1678 Grae-

125 1702 237 1722 corum
278 1691 518 1731 negociationeS,
556 1690 577 1721 i.
616 1694 686 1722 155.
719 1691 808 1721 Grae-

126 1745 237 1765 corum
262 1734 360 1764 literae
383 1740 414 1764 et
437 1733 561 1770 calculi,
582 1733 614 1764 ii.
636 1738 689 1765 56.
714 1744 742 1763 v.
757 1737 807 1764 58.

132 1777 236 1808 Graeci
262 1778 301 1807 ab
332 1776 491 1817 AEgyptiis
529 1776 677 1817 pleraque
702 1786 810 1815 sump-

126 1831 201 1857 sere,
239 1820 270 1850 ii.
286 1824 336 1851 49.
362 1824 412 1851 50.
438 1823 489 1851 51.
521 1824 572 1850 58.
613 1820 724 1850 Graeca
748 1819 810 1848 lin-

128 1874 194 1903 gua
236 1862 363 1904 quando
401 1863 538 1902 primum
575 1863 608 1892 in
632 1862 811 1903 AEgyptum

127 1905 314 1940 introducta,
351 1905 383 1935 ii.
436 1908 506 1936 154.
549 1905 732 1936 Graecorum
775 1905 810 1934 in

135 1949 277 1989 AEgypto
307 1948 547 1989 negociationes,
585 1948 666 1984 fana,
707 1949 809 1983 urbes,

129 1992 160 2022 ii.
193 1995 262 2023 178.
292 1992 478 2022 Graecomm
493 1991 625 2021 deorum
646 1997 721 2021 aetas
734 2001 810 2021 cum

130 2035 356 2076 AEgyptiorum
396 2034 517 2066 collata.
555 2034 587 2064 ii.
630 2038 698 2064 144.
741 2037 810 2065 145.

131 2082 202 2109 146.
248 2078 434 2108 Graecorum
474 2077 623 2114 natalitia,
674 2077 714 2107 iv.
759 2081 808 2108 26.

132 2121 236 2152 Graeci
259 2120 292 2150 in
314 2120 440 2160 templis
460 2130 526 2151 non
541 2121 663 2157 co'e'unt‚
690 2127 728 2150 ut
754 2130 811 2150 nec

133 2163 287 2205 AEgyptii,
319 2164 400 2194 sicut
428 2163 480 2193 alii
505 2163 658 2198 mortales,
697 2163 728 2193 ii.
761 2167 812 2194 64.

132 2207 237 2238 Graeci
261 2213 380 2237 vestem
399 2212 429 2236 et
459 2206 575 2246 aegidas
602 2206 756 2237 Minervae
780 2213 811 2236 et

130 2250 192 2280 alia
220 2251 258 2280 ab
285 2249 371 2279 Afris
385 2249 531 2285 mutuati,
556 2250 592 2279 iv.
624 2253 693 2280 189.
720 2250 809 2279 Grae-

129 2303 241 2323 corum
262 2298 293 2322 et
312 2292 475 2333 Lydorum
497 2292 581 2333 leges
606 2302 700 2332 prope
725 2292 809 2322 simi-

130 2336 185 2371 les,
209 2335 228 2365 1.
258 2339 310 2367 94.
339 2336 524 2366 Graecorum
553 2335 658 2374 ampla
685 2335 760 2370 fora,
790 2335 810 2365 i.

131 2382 202 2411 155.
232 2378 336 2409 Graeci
362 2388 533 2417 puerorum
570 2378 729 2409 amoribus
757 2378 810 2408 de-

131 2421 196 2457 diti,
236 2422 256 2451 i.
294 2424 362 2452 155.
407 2422 519 2452 Graeca
557 2431 635 2461 gens
657 2421 812 2452 dexterior

131 2475 229 2506 quam
258 2465 385 2494 barbara
413 2471 444 2495 et
473 2466 511 2494 ab
548 2464 672 2503 ineptiis
700 2465 810 2494 abhor-

130 2518 211 2541 rens,
241 2507 262 2537 i.
291 2511 342 2538 60.
370 2506 473 2537 Graeci
502 2507 624 2537 virtutis
650 2514 807 2537 certamen

129 2556 239 2591 agunt,
271 2560 336 2580 non
364 2549 516 2589 pecunias,
548 2550 609 2580 viii.
639 2554 687 2580 26.
718 2551 807 2580 Grae-

128 2604 182 2624 cos
219 2600 361 2623 auctores
393 2592 579 2632 injuriarum
616 2593 706 2622 aiunt
741 2594 807 2622 bar-

130 2636 204 2672 bari,
231 2636 251 2666 i.
280 2640 308 2666 2.
339 2640 367 2665 4.
394 2635 528 2665 universi
543 2641 616 2665 ante
641 2635 737 2665 Croesi
752 2635 807 2665 im-

127 2680 250 2718 perium
279 2678 368 2708 liberi
392 2678 488 2714 fuere,
519 2678 538 2707 i.
565 2682 595 2708 6.
627 2678 810 2708 Graecorum

129 2722 360 2761 potentissimos
401 2720 457 2751 sibi
488 2720 633 2751 conciliat
676 2722 808 2757 Croesus‚

127 2765 149 2794 i.
179 2769 231 2796 56.
261 2764 445 2805 Ignorantia
474 2770 546 2793 ante
575 2773 623 2793 res
662 2764 809 2799 Persicas,

130 2814 167 2838 ut
213 2809 343 2838 Samum
381 2813 413 2837 et
452 2806 615 2837 columnas
661 2807 812 2837 Herculis

130 2860 220 2891 aeque
249 2850 362 2881 distare
393 2850 608 2889 opinarentur,
650 2849 711 2881 viii.
745 2854 814 2880 152.

125 2894 247 2925 Graecis
290 2892 453 2924 discordiae
497 2892 688 2932 principium
740 2903 813 2924 cum

896 187 1000 220 Persis
1025 187 1111 229 quod
1139 188 1282 224 extiterit,
1309 189 1328 220 i.
1353 195 1385 222 5.
1413 191 1531 225 Graecis
1546 203 1577 227 et

893 231 1030 262 barbaris
1073 231 1229 261 malorum
1275 233 1410 269 initium,
1456 247 1484 265 V.
1526 241 1576 270 97.

898 275 1082 304 Graecorum
1113 275 1204 304 variae
1238 277 1399 307 sententiae
1439 278 1478 309 de
1507 280 1577 313 loco

892 327 1010 357 pugnae
1038 317 1140 346 navali
1169 319 1394 354 constituendo,
1434 321 1495 352 viii.
1525 328 1574 356 49.

896 360 1081 390 Graecorum
1106 360 1226 390 ducum
1253 361 1410 393 dissensus
1434 364 1468 394 111
1491 367 1574 399 bello

895 402 1030 436 Persico,
1073 403 1134 432 viii.
1167 407 1216 434 74.
1249 405 1434 436 Graecorum
1471 410 1574 441 conci-

894 445 974 475 lium
1004 452 1112 475 contra
1130 446 1278 483 Xerxem,
1306 448 1357 478 vii.
1388 453 1456 481 145.
1485 452 1574 483 Grae-

894 498 1003 518 corum
1028 489 1216 519 consultatio
1245 490 1449 531 insequantur
1471 494 1574 527 hostes

895 541 1001 566 necne,
1047 531 1109 561 viii.
1162 536 1228 562 108.
1279 537 1346 565 109.
1391 535 1579 572 Graecomm

894 574 1059 604 consilium
1088 574 1128 604 de
1151 575 1234 605 bello
1260 576 1376 606 Thebis
1403 578 1574 619 inferendo,

894 617 935 647 ix.
964 621 1014 647 86.
1047 617 1231 647 Graecorum
1259 629 1278 647 a
1306 620 1431 659 Mycale
1454 624 1575 661 profec-

895 666 1001 690 torum
1044 660 1240 693 consultatxo,
1279 662 1318 691 ix.
1350 667 1417 693 114.
1446 666 1574 698 Graeco-

891 713 964 732 rum
979 703 1074 732 duces
1088 703 1127 732 ad
1158 702 1258 743 l‘ylas,
1286 705 1336 735 vii.
1353 710 1423 736 201.
1449 709 1577 741 Graeco.

892 756 965 776 rum
979 746 1075 775 duces
1098 747 1138 776 ad
1166 746 1355 777 Salaminem
1379 750 1433 789 qui
1457 751 1575 784 fuerint

892 789 1134 829 praestantissimi
1162 794 1193 818 et
1216 790 1344 828 praemia
1366 791 1402 821 iis
1429 792 1508 829 data,
1526 796 1576 827 vii.

898 835 967 862 123.
1000 835 1067 861 124,
1108 832 1293 862 Graecorum
1331 837 1575 872 praestantissimi

894 874 1136 906 Lacedaemonii.
1169 875 1187 904 1.
1218 880 1267 906 69.
1286 876 1472 908 Graecorum
1496 885 1573 912 stre-

892 917 1036 947 nuissimi
1064 924 1095 947 et
1106 918 1267 948 civitatum
1282 925 1314 948 et
1336 920 1474 951 virorum
1497 934 1572 954 con-

892 966 940 989 tra
970 960 1091 990 Medos.
1118 960 1159 990 111.
1189 964 1238 991 71.
1275 962 1459 994 Graecorum
1494 976 1574 1005 prae-

892 1003 1071 1033 stantissimi
1085 1003 1125 1032 ad
1153 1003 1310 1044 Mycalen,
1336 1005 1376 1036 ix.
1396 1010 1465 1038 105.
1483 1009 1572 1040 Grae-

893 1056 1004 1076 corum
1041 1047 1277 1085 prestantissimi
1313 1047 1346 1077 in
1382 1060 1491 1090 pugna
1515 1063 1572 1083 na-

892 1089 960 1122 vali,
987 1088 1038 1118 vii.
1063 1092 1110 1120 17.
1142 1090 1244 1120 Graeci
1278 1091 1456 1131 AEgyptum
1485 1094 1572 1126 inco-

892 1131 992 1162 lentes
1023 1142 1096 1161 cum
1138 1133 1293 1173 Cambyse
1327 1136 1574 1175 congrediuntur

893 1174 1046 1215 sanguine
1074 1181 1178 1214 epoto,
1208 1174 1251 1205 iii.
1282 1180 1330 1206 11.
1352 1185 1459 1209 contra
1487 1181 1575 1212 Grae-

893 1228 946 1248 cos
961 1217 1190 1256 expeditionem
1226 1219 1342 1250 Xerxis
1366 1221 1442 1261 quid
1468 1233 1574 1255 move-

893 1261 941 1295 rit,
972 1261 1023 1290 vii.
1048 1265 1078 1292 6.
1106 1262 1160 1290 ubi
1186 1261 1327 1292 Xerxem
1347 1264 1488 1303 excipere
1513 1275 1574 1298 sta-

893 1303 1018 1337 tuerint,
1034 1303 1084 1333 vii.
1114 1307 1183 1334 177.
1209 1305 1349 1335 Xerxem
1373 1307 1426 1347 qui
1447 1308 1575 1341 Graeco-

894 1357 967 1376 rum
995 1346 1236 1386 opperiebantur
1263 1349 1302 1378 ad
1341 1349 1576 1392 Thermopylas,

895 1389 945 1419 vii.
977 1393 1048 1419 202.
1087 1400 1196 1419 eorum
1232 1391 1334 1421 foedus
1369 1400 1477 1424 contra
1513 1407 1577 1436 eos,

897 1432 951 1473 qui
966 1442 1030 1462 non
1046 1432 1147 1462 adacti
1169 1434 1350 1465 necessitate
1375 1446 1450 1466 cum
1467 1438 1576 1472 Xerxe

897 1477 1093 1516 pepigerant,
1133 1475 1184 1506 vii.
1220 1480 1289 1507 152.
1318 1489 1335 1508 e
1372 1479 1490 1510 Graecis
1519 1484 1575 1523 qui

891 1524 1048 1548 terrestres
1091 1518 1195 1557 copias
1233 1520 1336 1550 Xerxi
1372 1523 1571 1561 praebuerint,

893 1568 924 1591 et
953 1561 1007 1602 qui
1032 1561 1182 1597 nauticas
1212 1563 1262 1593 vii.
1289 1567 1359 1595 185.
1384 1571 1415 1595 et
1443 1565 1495 1596 alii
1520 1569 1575 1609 qui

894 1615 927 1634 se
950 1614 1056 1634 recens
1081 1603 1294 1644 adjunxerunt
1319 1607 1436 1638 Xerxis
1455 1612 1572 1642 exerci-

893 1647 948 1683 tui,
993 1647 1055 1677 viii.
1099 1651 1149 1678 66.
1193 1649 1377 1681 Graecorum
1421 1655 1575 1686 exercitus

893 1696 1001 1720 contra
1016 1690 1223 1721 Mardonium
1245 1691 1286 1722 ad
1311 1693 1446 1724 Plataeas
1460 1697 1574 1737 quibus

895 1739 926 1763 et
966 1733 1127 1774 quomodo
1160 1742 1359 1774 comparatus
1381 1743 1411 1767 et
1440 1738 1574 1771 instrue-

895 1782 955 1811 tus
987 1775 1028 1806 ix.
1065 1780 1116 1808 29.
1155 1776 1259 1807 Graeci
1301 1786 1409 1810 contra
1445 1782 1576 1814 Mardo-

896 1821 987 1849 nium
1030 1825 1130 1849 castra
1171 1820 1226 1851 ubi
1268 1821 1407 1859 locarint,
1445 1824 1487 1856 ix.
1529 1830 1577 1859 19.

896 1872 992 1902 quem
1021 1861 1128 1892 locum
1156 1871 1343 1902 permutant,
1375 1866 1415 1896 iX.
1446 1871 1497 1899 51.
1523 1873 1575 1901 52.

899 1904 1002 1934 Graeci
1030 1905 1170 1943 praedam
1186 1907 1441 1940 Mardoniiinter
1466 1922 1499 1941 se
1513 1912 1575 1943 dis·

895 1947 1081 1987 partiuntur,
1112 1949 1152 1977 ix.
1177 1952 1229 1979 81.
1266 1951 1368 1981 Graeci
1399 1954 1453 1993 qui
1483 1964 1577 1987 naves

896 1989 936 2020 ad
950 1990 1079 2020 classem
1112 1991 1297 2023 Graecorum
1325 1997 1573 2035 suppeditarunt,

893 2033 955 2062 viii.
981 2036 1032 2063 43.
1057 2037 1107 2063 44.
1136 2041 1165 2065 et
1191 2046 1251 2077 seq.
1284 2036 1469 2069 Graecorum
1497 2049 1577 2080 proe.

897 2076 978 2106 lium
1006 2076 1047 2106 ad
1073 2077 1230 2107 Euboeam
1252 2086 1386 2119 gestum,
1428 2083 1492 2113 viii.
1531 2089 1580 2116 11.

901 2123 949 2150 12.
981 2119 1165 2150 Graecorum
1192 2121 1295 2152 classis
1319 2124 1358 2153 ad
1383 2125 1575 2158 Salaminem

896 2168 1012 2202 perstat
1038 2162 1284 2195 Atheniensium
1299 2173 1419 2206 rogatu,
1446 2169 1508 2199 viii.
1523 2175 1575 2201 40.

900 2205 1003 2236 Graeci
1026 2205 1157 2236 classem
1181 2207 1221 2237 ad
1250 2208 1379 2239 Samum
1408 2211 1574 2251 applicant,

895 2248 935 2278 ix.
966 2253 1015 2280 96.
1048 2249 1153 2279 Graeci
1176 2249 1286 2290 fugam
1315 2252 1417 2284 facere
1437 2254 1576 2287 volentes

895 2297 931 2321 ut
971 2302 989 2320 a
1034 2292 1244 2323 Themistocle
1279 2296 1400 2331 retenti,
1439 2297 1502 2328 viii.
1545 2304 1574 2330 4.

900 2333 1003 2364 Graeci
1031 2334 1180 2374 Olympia
1204 2343 1333 2376 agentes
1346 2345 1378 2368 et
1399 2339 1460 2370 alia
1478 2348 1576 2373 certa-

896 2378 983 2407 mina
997 2377 1030 2406 in
1045 2377 1149 2408 medio
1163 2378 1253 2415 bello,
1270 2380 1333 2411 viii.
1351 2385 1402 2412 26.

858 2421 1096 2462 Graecoscythae,
1112 2421 1152 2451 iv.
1170 2424 1218 2452 17.

859 2464 1042 2494 Gratiarum
1056 2463 1151 2499 collis,
1163 2464 1202 2494 iv.
1221 2468 1291 2497 175.

854 2505 974 2537 Grinus
1017 2506 1141 2536 AEsam'i
1181 2507 1274 2544 filius,
1317 2509 1429 2541 Therae
1463 2512 1575 2545 insul-‘e

894 2559 956 2585 rex,
973 2549 1013 2579 iv.
1031 2553 1101 2581 150.

857 2592 984 2632 Grynea
995 2593 1077 2628 urbs,
1101 2593 1121 2623 i.
1139 2596 1208 2625 149.

858 2636 969 2670 Grues,
1005 2635 1106 2676 plagae
1132 2636 1285 2676 Scythicae
1308 2639 1455 2679 hyemem
1490 2642 1575 2683 fugi-

897 2684 992 2713 entes,
1005 2689 1068 2718 quo
1083 2689 1116 2709 se
1130 2680 1299 2717 conferant,
1317 2682 1347 2711 ii.
1359 2686 1409 2713 22.

859 2721 981 2761 Grypes
991 2731 1106 2751 aurum
1120 2729 1284 2759 servantes,
1299 2724 1342 2754 iii.
1358 2729 1425 2757 116.
1440 2726 1479 2757 iv.
1498 2731 1546 2759 15.

858 2763 1006 2804 Gygadas
1036 2764 1169 2804 Delphis
1197 2765 1299 2797 dictus
1327 2769 1500 2806 thesaurus,
1536 2773 1575 2801 ab

901 2807 993 2847 Gyge
1008 2807 1150 2843 donatus,
1168 2808 1189 2838 i.
1206 2812 1256 2839 14.

862 2850 983 2890 Gygaea
1010 2850 1109 2890 palus,
1126 2851 1269 2891 proxima
1301 2852 1439 2894 Alyattis
1469 2856 1572 2895 sepul-

900 2903 960 2930 cro,
978 2893 997 2924 i.
1010 2897 1058 2926 93.
