1836 3156
493 177 947 229 CALLIOPE
1004 182 1093 230 IX.
1391 193 1481 233 301

147 317 177 340 “
199 316 247 358 ὦν
280 309 356 357 καὶ
387 310 525 356 Ἰώνων
549 315 624 358 τῶν
664 310 756 358 τότε
791 311 924 358 ἐόντων
958 313 992 358 ἐν
1017 314 1317 378 Πελοποννὴσω,
1354 315 1491 371 ἐκὲοη-

145 394 175 416 “
198 389 396 442 θησαντες
428 388 467 439 ἐς
488 386 554 434 τὸν
577 385 763 450 Ἰσθμόν,
798 387 986 450 ἱζόμεθα
1017 389 1143 436 ἀντίοι
1166 397 1266 437 τοῖσι
1289 398 1492 441 κατιοῦσι·

146 470 174 492 “
199 465 291 511 τότε
325 463 373 509 ὧν
406 463 531 524 λόγος
565 464 730 510 “Tmou
755 464 1086 528 ἀγορεύσασθαι,
1119 469 1169 520 ὦς
1192 467 1302 532 χρεόν
1337 474 1391 524 εἴη
1425 469 1492 517 τὸν

145 547 174 569 “
197 540 268 604 μὲν
314 538 485 603 στρατόν
519 543 577 602 τῷ
612 542 774 603 στρατῷ
806 540 864 603 μῆ
889 541 1194 589 ἀνακινδυνεύειν
1231 543 1492 607 συμζάλλον-

62 626 120 665 15
148 625 176 646 “
198 634 269 664 τα·
292 618 338 663 ἐκ
362 616 401 663 δὲ
436 622 510 663 τοῦ
535 616 854 671 Πελοποννησίου
878 619 1172 681 στρατοπέδου,
1197 619 1263 666 τὸν
1297 620 1345 667 ἂν
1369 623 1493 681 σφέων

143 703 170 724 “
193 694 343 741 αὐτέων
391 694 544 757 κρίνωσι
579 695 674 741 εἷναι
709 693 881 758 οἵριστον,
916 694 1057 741 τοῦτόν
1091 697 1132 742 οἱ
1172 703 1492 760 μουνομαχῆσαι

143 778 170 800 “
194 770 261 818 ἐπὶ
284 771 574 833 διακειμένοισι.
599 770 701 825 ἔδοξέ
725 789 768 817 τε
792 776 892 818 τοῖσι
910 772 1260 826 Πελοποννησίοισι
1278 779 1419 821 ταῦτα
1443 775 1494 822 εἷ-

140 855 168 876 “
190 867 255 894 ναι
287 849 470 903 ποιητεά,
502 847 577 894 καὶ
601 847 751 910 ἐ’ταμον
785 846 900 910 ὅρκια
935 847 1003 894 ἐπὶ
1035 848 1148 912 λόγῳ
1179 851 1331 913 τοιῷδε·
1355 852 1400 899 ῆν
1422 851 1494 915 μὲν

145 930 173 952 “
190 924 358 976 “Υλλος
404 924 539 986 νικὴσῃ
582 922 649 970 τόν
697 924 1018 978 Πελοποννησίων
1065 926 1261 989 ἡγεμόνα,
1309 927 1494 975 κατιέναι

62 1008 125 1047 20
150 1007 178 1028 ‘⁶
201 1000 484 1064 Ἡρακλείδας
507 999 575 1046 ἐπὶ
607 999 665 1047 τοὶ
699 1002 904 1064 πατρώια·
940 1002 982 1055 ἢν
1018 1002 1057 1050 δὲ
1092 1006 1251 1068 νικηθῇ,
1275 1003 1332 1051 τοὶ
1357 1005 1494 1068 ἐ’μπα-

142 1083 174 1105 “
196 1085 258 1123 λιν
316 1076 601 1140 Ἡρακλείδας
647 1077 1024 1134 ἀπαλλάσσεσθαι,
1070 1079 1146 1126 καὶ
1201 1081 1382 1141 ἀπάγειν
1426 1081 1495 1136 τῆν

142 1160 170 1182 “
194 1153 396 1217 στρατιὴν,
434 1153 579 1201 ἑκατόν
612 1172 656 1201 τε
681 1154 791 1202 ἐτέων
820 1153 880 1217 μῆ
906 1154 1079 1218 ζητῆσαι
1103 1158 1274 1204 κάτοδον
1298 1159 1336 1211 ἐς
1361 1160 1495 1207 Πελο-

141 1236 170 1258 “
194 1229 392 1284 πόννησον.
424 1230 645 1295 προεκρίθη
667 1249 711 1278 τε
747 1230 792 1284 δὴ
827 1232 873 1278 ἐκ
896 1233 1055 1279 πάντων
1077 1235 1314 1297 συμμάχων
1337 1236 1494 1283 ἐθελον-

140 1313 167 1334 “
189 1307 261 1361 τῆς
280 1308 484 1370 ’Έχεμος,
504 1307 526 1353 ὁ
546 1307 771 1371 Ἠερόπου,
798 1312 873 1355 τοῦ
897 1309 1078 1369 Φηγέος,
1107 1312 1337 1374 στρατηγός
1360 1332 1404 1360 τε
1429 1313 1494 1361 ἐῶν

54 1391 116 1431 25
142 1390 169 1411 ‘⁶
192 1382 268 1430 καὶ
301 1383 502 1447 βασιλεῦς
534 1384 731 1448 ἡμέτερος,
766 1384 841 1430 καὶ
875 1386 1183 1449 ἐμουνομάχησέ
1219 1407 1262 1435 τε
1284 1388 1360 1436 καὶ
1390 1390 1495 1438 ἀπέ-

141 1467 169 1488 “
187 1479 311 1507 κτεινε
327 1460 509 1507 ”Υλλον.
572 1461 658 1508 Ἐκ
681 1460 828 1508 τούτου
847 1466 921 1508 τοῦ
956 1462 1072 1526 ἔργου
1107 1463 1312 1527 εὑρόμεθα
1335 1467 1371 1513 ἐν
1393 1472 1495 1514 τοῖσι

144 1545 176 1566 “
203 1539 555 1593 Πελοποννησίοισι
589 1544 690 1585 τοῖσι
713 1539 805 1586 τότε
828 1539 903 1586 καὶ
926 1539 1044 1588 ἄλλα
1068 1542 1187 1606 γέρεα
1209 1546 1400 1606 μεγάλα,
1438 1545 1497 1593 τοὶ

142 1621 173 1642 “
198 1615 454 1679 διατελέομεν
479 1615 647 1676 ἔχοντες,
682 1616 759 1663 καὶ
781 1621 855 1663 τοῦ
876 1617 1004 1681 κέρεος
1039 1623 1114 1665 τοῦ
1150 1619 1279 1684 ἐτέρου
1303 1621 1381 1669 αιέὶ
1403 1624 1496 1683 ἡγε-

142 1699 171 1720 “
193 1693 377 1756 μονεύειν,
402 1697 530 1747 κοινῆς
554 1692 686 1748 ἐξόδου
711 1694 928 1757 γινομένης.
997 1697 1127 1758 εὙμῖν
1148 1697 1220 1759 μέν
1245 1718 1320 1754 νυν,
1343 1698 1374 1744 ὦ
1400 1702 1495 1746 Λα-

53 1779 117 1818 30
143 1778 170 1798 “
193 1770 452 1834 κεδαιμόνιοι,
472 1771 546 1817 οὐκ
579 1770 847 1834 ἀντιεύμεθα·
871 1771 1001 1828 ἀλλά,
1035 1772 1203 1827 διδόντες
1226 1775 1369 1839 αἵρεσιν
1406 1775 1495 1823 ὅκο-

139 1853 169 1875 “
193 1847 304 1911 τέρου
344 1846 550 1910 βούλεσθε
591 1847 718 1910 κέρεος
759 1846 908 1911 οἵρχειν,
942 1849 1146 1912 παρίεμεν·
1178 1855 1253 1898 τοῦ
1284 1850 1324 1898 δὲ
1365 1851 1495 1916 ἑτέρου

139 1930 166 1950 “
190 1922 324 1985 φαμὲν
367 1922 497 1985 ἡμέας
543 1923 750 1970 ἱκνέεσθαι
791 1924 1047 1986 ἡγεμονεύειν,
1094 1927 1212 1973 κατά
1256 1945 1327 1991 περ
1363 1929 1398 1975 ἐν
1437 1931 1496 1991 τῷ

141 2005 170 2026 “
193 1998 347 2063 πρόσθε
371 1998 507 2063 χρόνῳ.
580 2000 707 2062 Χωρίς
740 2018 784 2046 τε
808 2000 956 2047 τούτου
979 2006 1053 2048 τοῦ
1076 2003 1338 2066 ἀπηγημένου
1363 2003 1494 2068 ἔργου,

139 2080 174 2103 “
198 2075 479 2139 ἀξιονικότεροί
507 2077 610 2138 εἰμεν
645 2076 884 2131 Ἀθηναίων
923 2077 1076 2132 ταύτην
1122 2078 1190 2133 τὴν
1226 2081 1339 2136 τάξιν
1379 2081 1493 2142 ἔχειν.

53 2159 114 2198 35
139 2156 170 2179 “
194 2150 343 2198 πολλοὶ
364 2150 436 2214 μὲν
460 2152 543 2215 γάρ
575 2171 618 2199 τε
640 2151 716 2199 m)
751 2152 793 2200 εὖ
830 2153 986 2214 ἔχοντες
1014 2154 1110 2219 πρδς
1140 2155 1271 2219 ὑμέας
1293 2158 1398 2220 ἡμῖν,
1425 2158 1494 2204 οἵν-

143 2235 171 2257 “
196 2228 276 2292 δρες
315 2228 598 2293 Σπαρτιῆται,
637 2230 787 2290 ἀγῶνες
826 2231 1096 2291 ἀγωνίδαται,
1139 2233 1288 2279 πολλοὶ
1333 2233 1373 2280 δέ
1416 2233 1494 2280 καὶ

137 2309 169 2334 “
195 2304 292 2369 πρός
305 2305 475 2359 ἄλλους.
502 2306 606 2353 οὕτω
624 2305 671 2352 οἷν
694 2307 824 2369 ἡμέας
842 2307 995 2356 δίκαιον
1018 2309 1120 2370 ἔχειν
1143 2309 1191 2356 τό
1215 2309 1336 2373 ἕτερον
1358 2310 1491 2373 κέρας,

140 2389 167 2410 “
190 2382 284 2445 ἤπερ
315 2381 585 2437 Ἀθηναίους.
619 2385 663 2429 οὐ
699 2385 780 2447 γάρ
815 2384 893 2443 σφί
928 2386 1011 2432 ἐστι
1053 2386 1152 2450 ἐ’ργα
1193 2386 1257 2433 οἷά
1297 2405 1368 2450 περ
1400 2388 1492 2449 ἡμῖν

141 2465 172 2487 “
195 2460 526 2523 κατεργασμένα,
562 2459 645 2506 οὔτ’
684 2459 732 2506 ὧν
754 2459 893 2517 καινοὶ,
925 2461 1016 2510 οὔτε
1050 2461 1262 2510 παλαιά.”
1336 2461 1491 2525 Οἱμέν

52 2545 117 2584 40
140 2540 283 2583 ταῦτα
302 2535 448 2596 ἔλεγον.

204 2617 359 2649 XXVII.
410 2603 632 2656 Ἀθηναῖοι
675 2601 714 2649 δὲ
754 2602 850 2666 πρὸς
895 2608 1037 2651 ταῦτα
1075 2604 1332 2669 ὑπεκρίναντο
1371 2605 1487 2652 τάδε·

140 2686 167 2707 “
189 2679 501 2741 Ἐπιστάμεθα
539 2678 611 2738 μὲν
647 2680 801 2726 σύνοδον
841 2680 952 2734 τὴνδε
995 2681 1140 2743 μάχης
1184 2682 1312 2729 εἵνεκα
1347 2691 1488 2729 συλλε-

228 2759 252 2770 Ν

138 2762 170 2784 “
194 2775 313 2816 γηναι
348 2755 445 2820 πρὸς
485 2754 551 2803 τὸν
587 2755 806 2821 βάρζαρον,
844 2758 940 2804 ἀλλ’
985 2759 1032 2805 οὐ
1070 2758 1214 2820 λόγων.
1263 2759 1348 2807 ἐπεὶ
1393 2759 1433 2807 δὲ
1469 2759 1492 2805 0‘
