1836 3156
264 142 307 168 54

314 224 382 260 mis,
409 223 441 254 ii.
459 226 527 254 156.
542 223 654 253 insulae
668 225 838 258 beatorum,
855 222 898 252 iii.
913 226 963 253 26.

313 267 425 296 insulae
454 266 539 297 rubri
564 267 665 301 maris,
695 266 736 295 iii.
771 270 821 297 95.
851 265 963 295 insulae

318 310 518 340 Cassiterides
552 309 717 339 Herodoto
753 309 874 348 ignotae,
920 308 961 337 iii.

316 357 386 383 115.
407 352 518 382 insulae
543 352 683 382 Thraciae
705 351 889 391 objacentes,
912 351 962 380 vii.

317 399 386 425 185.
400 395 537 424 insulani
554 395 648 425 Iones
663 394 726 435 qui,
740 394 759 423 i.
777 398 847 423 142.

275 439 481 477 Intaphernes
503 448 588 467 unus
611 448 647 472 es
664 443 783 476 septem
800 436 891 477 Magi
906 447 958 467 oc-

313 481 469 514 cisoribus,
500 480 542 509 iii.
584 483 633 511 70.
669 480 800 514 facinus,
832 480 961 520 ejusque

314 531 345 553 et
375 523 616 553 domesticorum
645 523 787 558 omnium
808 522 960 558 interitus,

313 573 426 605 praeter
448 566 575 595 fratrem
597 565 710 600 uxoris,
735 572 765 595 et
779 564 880 595 filium
894 575 960 594 ma-

311 610 418 650 jorem.
437 609 479 639 iii.
498 612 566 638 118.
584 612 653 640 119.

275 651 473 682 Intercalaris
494 651 619 687 mensis,
642 651 661 681 i.
684 655 734 681 52.
756 651 786 680 ii.
813 654 841 679 4.
866 650 960 680 inter-

316 694 427 724 calatio
460 694 644 724 Graecorum
667 701 697 723 et
729 693 962 733 EEgyptiorum,

315 737 346 766 ii.
362 742 390 767 4.

275 780 412 810 Invideri
428 780 540 810 melius
555 791 651 821 quam
662 779 892 809 miserationem
906 780 961 808 ha-

317 824 397 859 bere,
414 823 457 853 iii.
479 828 527 854 52.
551 823 666 853 invidia
681 833 698 851 a
714 833 776 862 quo
791 823 896 851 abesse
911 821 963 851 de-

314 867 374 900 bet,
390 866 431 895 iii.
445 870 496 896 80.

274 909 410 948 Inycum
424 908 584 948 oppidum,
602 909 641 938 vi.
656 912 706 938 25.
725 911 775 938 24.

275 951 313 981 Io
328 951 391 981 filia
409 952 518 981 Inachi
532 951 624 991 regis,
648 952 667 981 i.
686 955 712 981 1.
727 961 743 979 a
762 950 962 980 Phcenicibus

316 995 445 1033 rapitur,
462 994 532 1024 ibid.
551 995 588 1024 Io
604 1000 750 1033 stuprata,
775 994 796 1023 i.
818 997 847 1024 5.
872 993 910 1023 Io
926 999 962 1023 ut

317 1048 336 1066 a
354 1037 472 1067 Graecis
483 1037 677 1076 depingatur,
694 1036 722 1065 ii.
742 1040 791 1066 41.

276 1079 387 1111 Iolcon
405 1079 545 1110 Thessali
563 1079 690 1119 Hippiae
706 1080 851 1114 offerunt,
868 1090 895 1109 v.
912 1083 960 1110 94.

316 1124 376 1153 Ion
401 1123 505 1152 Xuthi
527 1122 620 1155 fillus.
661 1122 710 1152 vii.
737 1127 786 1154 94.
821 1122 880 1152 viii.
912 1125 962 1151 44.

317 1166 405 1195 Ionis
419 1165 483 1199 filii,
500 1166 540 1195 iii.
558 1170 608 1196 62.

272 1209 373 1239 Ioniae
387 1208 622 1238 translationem
638 1208 813 1247 impediunt
830 1208 962 1237 Atheni-

317 1262 413 1287 enses
427 1251 467 1280 ix.
487 1255 555 1281 106.
574 1252 698 1281 Ioniam
712 1252 883 1291 Harpagus
892 1253 964 1280 sub.

313 1294 379 1334 igit,
396 1294 415 1324 i.
434 1298 502 1325 169.
521 1295 614 1323 Iones
626 1305 644 1323 a
657 1294 763 1323 Croeso
774 1294 875 1332 primo
891 1295 962 1324 sub-

314 1337 384 1371 acti,
401 1337 420 1366 i.
435 1341 463 1367 6.
480 1341 529 1366 28.
552 1337 591 1366 ad
617 1337 735 1376 Cyrum
759 1337 877 1376 legatos
892 1337 963 1366 mit-

315 1386 394 1414 tunt,
427 1386 456 1409 et
486 1379 562 1419 quid
595 1380 697 1419 Cyrus
718 1379 918 1418 responderit,
944 1380 965 1410 i.

319 1426 387 1452 141.
404 1422 520 1452 Ionum
544 1423 638 1462 regio,
666 1422 876 1452 Asiaticamm
890 1422 961 1461 pul-

315 1465 474 1500 cherrima,
503 1472 533 1495 et
554 1465 621 1505 ejus
643 1465 814 1503 descriptio,
841 1465 861 1494 i.
895 1469 963 1494 142.

318 1508 455 1538 secunda
482 1508 615 1538 defectio
639 1518 657 1537 a
683 1508 794 1542 Persis,
824 1508 865 1537 ix.
898 1511 966 1538 104.

319 1551 437 1581 Ionum
453 1551 619 1581 duodecim
640 1551 673 1580 in
692 1551 910 1589 Peloponneso
926 1551 967 1580 ci-

314 1594 431 1628 vitates,
445 1593 465 1623 i.
490 1597 558 1624 145.
583 1598 651 1624 145.
677 1597 746 1624 146.
771 1594 865 1623 Iones
878 1593 963 1623 insu—

317 1637 397 1666 lares
412 1648 429 1666 a
444 1636 571 1677 reliquis
593 1636 755 1666 deficiunt:
783 1636 858 1666 alios
873 1636 967 1666 etiam

316 1679 418 1710 Ionici
444 1680 580 1709 nominis
601 1680 707 1718 pudet,
736 1680 754 1708 i.
779 1683 848 1709 145.
872 1679 965 1709 Iones

316 1723 371 1763 qui
393 1722 591 1752 nobilissimi:
620 1729 651 1752 et
673 1722 712 1752 de
728 1733 837 1752 eorum
859 1723 965 1752 uxori-

314 1768 381 1800 bus,
413 1765 432 1795 i.
458 1769 527 1795 146.
558 1764 652 1795 Iones
675 1767 713 1795 ab
740 1765 877 1801 Achivis,
902 1768 966 1795 suis

315 1808 440 1838 sedibus
461 1807 552 1846 pulsi,
576 1808 596 1837 i.
618 1811 690 1839 145.
732 1808 850 1837 Ionum
874 1818 963 1848 reges

315 1861 377 1891 qua
399 1850 547 1890 progenie
571 1850 705 1885 oriundi,
733 1850 744 1879 i
774 1854 841 1881 147.
869 1851 963 1880 Iones

316 1893 381 1924 veri
396 1900 426 1923 et
448 1893 576 1933 genuini
593 1894 653 1933 qui.
678 1893 752 1922 ibid.
768 1893 887 1923 Ionum
909 1893 963 1934 qui

315 1938 355 1966 ab
384 1935 544 1974 Apaturiis
566 1943 738 1970 arceantur,
762 1935 835 1965 ibid.
853 1946 963 1966 eorum

315 1980 534 2010 universorum
563 1979 752 2009 Panionium
781 1989 912 2013 sacrum,
943 1979 964 2009 i.

318 2027 388 2053 148.
414 2021 507 2052 Iones
527 2022 663 2051 insulani
681 2023 764 2061 Cyro
785 2032 817 2051 se
832 2021 962 2058 dedunt,

282 2085 292 2095 ³
315 2065 335 2095 i.
354 2069 422 2096 169.
446 2065 542 2094 Iones
559 2065 681 2095 Biantis
696 2064 860 2094 consilium
879 2075 962 2103 sper-

313 2115 404 2143 nunt,
428 2108 448 2137 i.
468 2112 536 2138 170.
554 2108 648 2137 lones
669 2108 808 2137 secundo
831 2108 960 2143 subacti,

314 2152 334 2181 i.
359 2155 427 2181 169.
450 2151 484 2180 in
512 2151 691 2191 EEgyptum
720 2150 878 2190 quomodo
908 2161 960 2180 ve-

316 2194 431 2231 nerint,
451 2194 483 2223 ii.
501 2197 568 2224 152.
587 2194 682 2223 Ionas
699 2194 821 2233 Scythae
836 2200 872 2223 ut
895 2194 961 2223 Da-

315 2237 363 2267 rio
391 2236 556 2267 transitum
593 2236 812 2271 intercludant,
849 2236 963 2266 frustra

314 2280 525 2313 adhortantur,
563 2279 602 2308 iv.
644 2283 710 2309 135.
753 2283 821 2310 156.
867 2279 962 2309 Iones

316 2330 420 2362 captas
459 2322 561 2352 Sardis
597 2322 778 2356 incendunt,
824 2333 851 2351 v.
893 2326 961 2353 101.

316 2367 412 2396 Iones
448 2366 487 2395 ad
526 2365 690 2404 Ephesum
715 2366 893 2400 vincuntur,
933 2376 960 2394 v.

316 2413 385 2438 1022.
411 2408 502 2438 tertio
525 2408 691 2448 subjugati,
708 2419 747 2437 vn.
770 2412 821 2438 52.
847 2418 958 2438 eorum

313 2452 353 2482 de
371 2452 512 2492 „Egypto
533 2451 687 2480 sententia
708 2452 899 2489 reprehensa,
923 2451 956 2481 ii.

316 2499 365 2526 16.
390 2505 500 2524 eorum
522 2494 683 2528 tributum,
709 2494 750 2522 ni.
773 2498 824 2524 90.
846 2494 885 2523 vi.
907 2497 957 2524 42.

310 2538 454 2568 laborum
476 2538 674 2566 nauticorum
697 2536 822 2574 insueti,
845 2536 884 2566 vi.
908 2540 957 2566 12.

315 2581 433 2610 Ionum
452 2580 485 2609 in
505 2579 615 2608 ,Xerxis
637 2579 776 2609 exercitu
791 2586 956 2616 armatura,

311 2624 362 2653 vii.
373 2627 422 2654 94.
435 2623 520 2661 prius
539 2621 665 2661 Pelasgi
682 2622 840 2662 rffigialees
856 2622 961 2661 appel-

311 2666 374 2701 lati,
391 2665 463 2695 ibid.
489 2665 606 2695 Ionicae
629 2665 808 2695 rebellionis
829 2665 958 2699 occasio,

311 2719 338 2737 v.
361 2713 412 2738 28.
433 2715 487 2739 etc.
512 2708 551 2737 vi.
577 2711 602 2737 1.
627 2708 807 2737 Ionicarum
830 2708 959 2738 navium

311 2750 480 2790 catalogus,
496 2751 535 2780 vi.
551 2754 579 2780 8.
597 2750 707 2780 Ionius
722 2751 816 2785 sinus,
829 2751 869 2780 vi.
888 2755 960 2781 127.

271 2795 324 2824 Ios
350 2793 453 2823 insula
477 2793 532 2823 ubi
564 2793 727 2823 Homerus
754 2800 907 2830 mortuuS,
931 2794 961 2825 ii.

309 2840 362 2866 54.
376 2840 429 2866 56.

267 2878 409 2918 Iphiclus
424 2884 512 2918 pater
528 2878 699 2913 Protesilai,
716 2879 758 2909 ix.
777 2883 846 2911 116.

267 2922 442 2963 Iphigeniae
456 2921 541 2963 apud
557 2921 681 2953 Tauros
693 2922 805 2959 cultus
822 2923 862 2953 iv.
882 2926 954 2954 105.

880 135 1108 167 INDEX.

1008 221 1080 261 Ipni
1097 221 1185 253 locus
1199 221 1335 262 quidam,
1351 221 1404 252 vii.
1421 224 1490 253 188.

1008 266 1095 295 Irasa
1109 264 1197 295 locus
1212 265 1274 301 ubi,
1289 266 1329 296 iv.
1347 269 1415 297 158.

1008 308 1042 338 Is
1057 308 1130 337 urbs
1145 313 1176 337 et
1189 307 1316 343 fiumen,
1338 308 1358 338 i.
1377 311 1444 340 179.

1007 351 1151 390 Isagoras
1167 350 1312 380 Tisandri
1327 350 1415 386 filius,
1433 362 1459 380 v.
1477 355 1527 382 66.
1543 352 1593 382 70.
1610 355 1660 382 7⁴2.

1008 393 1160 424 Isehenus
1175 393 1238 422 sive
1263 394 1434 423 Ischenous
1449 400 1536 432 pater
1554 394 1692 434 Pyffieae.

1046 435 1098 465 vii.
1116 439 1186 466 181.
1203 436 1265 465 viii.
1282 440 1331 467 92.

1005 478 1065 508 Isis
1080 477 1218 520 δημῆτιης,
1238 478 1269 508 id
1285 485 1331 508 est
1347 479 1456 517 Ceres;
1480 480 1570 515 dicta,
1595 479 1628 509 ii.
1642 482 1694 511 59.

1050 525 1118 552 156.
1137 521 1214 551 Isidi
1228 531 1328 551 vaccae
1343 532 1444 556 sacrae,
1458 521 1487 551 ii.
1504 527 1553 552 41.
1567 522 1607 552 iv.
1624 526 1693 553 186.

1048 564 1141 594 Isidis
1155 564 1357 594 simulacrum
1378 564 1496 594 bubula
1509 575 1626 595 cornua
1639 565 1696 594 ha-

1047 608 1131 638 bens.
1157 607 1188 636 ii.
1214 611 1264 637 41.
1291 607 1383 637 Isidis
1411 607 1567 648 templum
1595 607 1694 637 maxi-

1048 660 1138 679 mum
1152 649 1185 679 in
1208 651 1284 680 urbe
1301 650 1413 685 Busiri,
1437 651 1469 680 ii.
1484 654 1535 681 59.
1558 650 1649 680 Isidis
1664 656 1696 680 et

1050 692 1185 733 Dionysi
1201 692 1263 725 filii,
1280 693 1311 722 ii.
1327 696 1396 724 156.

1011 735 1138 765 Ismaris
1151 734 1242 774 palus
1256 735 1468 770 famosissima,
1484 735 1536 765 vii.
1554 738 1624 767 109.

1008 778 1162 808 Ismenias
1179 779 1317 814 Boeotus,
1334 778 1365 807 ii.
1381 782 1409 808 2.

1009 821 1139 851 Ismenii
1157 821 1315 860 Apollinis
1328 820 1490 860 templum,
1507 832 1535 851 v.
1551 824 1601 852 59.

1010 864 1176 898 Isonomia,
1195 864 1337 893 omnium
1352 863 1567 902 pulcherrima,
1584 863 1628 893 iii.
1642 867 1694 893 80.

1007 906 1170 936 Issedones
1185 906 1329 946 populuS,
1346 907 1368 935 i.
1383 910 1437 936 201
1447 930 1453 936 .
1469 906 1508 936 iv.
1522 910 1569 936 15.
1581 909 1629 937 16.
1646 910 1696 936 26.

1048 953 1097 979 27.
1116 949 1303 979 Issedonum
1316 959 1425 978 mores.
1439 949 1512 979 ibid.

1008 992 1088 1022 Ister
1111 993 1173 1027 ubi,
1200 993 1240 1021 iv.
1268 996 1320 1023 47.
1345 995 1395 1022 48.
1417 999 1473 1022 etc.
1496 1001 1618 1031 semper
1638 991 1696 1021 sibi

1046 1044 1109 1074 par,
1137 1036 1176 1065 iv.
1207 1039 1256 1065 48.
1286 1039 1337 1066 50.
1366 1045 1440 1064 cum
1467 1035 1543 1065 Nilo
1569 1042 1694 1073 compa.-

1047 1085 1141 1113 ratus‚
1160 1078 1191 1107 ii.
1215 1081 1267 1108 55.
1292 1081 1343 1107 54.
1368 1077 1407 1107 iv.
1437 1080 1488 1108 50.
1514 1077 1587 1107 Isti-i
1609 1083 1696 1107 ortus

1047 1127 1077 1151 et
1099 1121 1211 1155 fluxus,
1230 1121 1260 1150 ii.
1273 1124 1325 1150 55.
1340 1124 1390 1150 54.
1406 1121 1445 1150 iv.
1461 1123 1511 1150 48.
1526 1127 1581 1151 etc.

1008 1164 1147 1194 Isthmus
1165 1163 1293 1198 Gnidiae,
1318 1163 1338 1193 i.
1355 1166 1424 1194 174.
1441 1163 1581 1193 Isthmus
1599 1163 1694 1192 Cher-

1051 1207 1152 1237 sonesi
1181 1217 1272 1236 muro
1292 1212 1463 1245 praeseptus
1491 1216 1510 1235 a
1540 1205 1694 1242 Miltiade,

1049 1250 1149 1280 vi.56.

1008 1292 1153 1324 Istiaeotis
1162 1291 1250 1322 locus
1260 1291 1421 1331 proximus
1433 1291 1521 1321 Ossae
1533 1297 1565 1321 et
1580 1290 1693 1331 Olym-

1049 1346 1098 1375 po,
1123 1335 1142 1364 i.
1159 1339 1208 1366 56.
1224 1347 1251 1366 υ.
1265 1342 1294 1365 et
1312 1334 1496 1365 Histiaeotis.

1009 1379 1154 1413 Italiotae,
1171 1378 1210 1408 iv.
1229 1381 1277 1408 15.

1009 1422 1120 1451 ltanus
1135 1420 1298 1460 oppidum,
1320 1420 1360 1450 ἰν.
1379 1423 1448 1451 151.
1462 1420 1521 1450 iter
1534 1420 1692 1455 diurnum,

1050 1475 1096 1494 cc.
1111 1464 1290 1499 stadiorum,
1314 1463 1354 1492 iv.
1370 1467 1440 1493 101.

1012 1508 1129 1542 Ithaca,
1147 1507 1178 1537 ii.
1198 1512 1226 1538 7.

1011 1551 1180 1590 Ithagenes
1198 1548 1355 1580 erithonis
1368 1549 1412 1579 ffl.
1425 1549 1457 1579 ii.
1476 1553 1507 1580 1.

1012 1594 1199 1623 Ithamatres
1216 1593 1318 1626 Persa,
1335 1591 1386 1622 vii.
1400 1596 1452 1624 67.

1010 1636 1139 1667 Judjces
1161 1636 1238 1676 regii
1252 1635 1337 1674 apud
1363 1636 1482 1670 Persas,
1506 1634 1549 1664 iii.
1573 1638 1620 1665 14.
1643 1638 1696 1666 31.
1746 1655 1750 1662 .

1046 1679 1161 1719 judicis
1175 1678 1314 1718 corrupti
1324 1681 1418 1720 justae
1429 1678 1574 1708 vindictae
1589 1687 1695 1708 exem.

1049 1721 1147 1760 plum,
1167 1733 1191 1751 v.
1209 1725 1259 1753 25.

1009 1765 1147 1796 Junonis
1176 1765 1299 1800 festum,
1330 1766 1349 1795 i.
1373 1768 1426 1796 51.
1455 1763 1594 1795 Junonis
1624 1763 1696 1793 duae

1048 1807 1200 1847 imagines
1225 1808 1287 1844 ubi,
1311 1808 1342 1838 ii.
1368 1811 1437 1838 182.
1458 1806 1596 1838 Junonis
1617 1813 1697 1836 tem-

1047 1850 1107 1889 pla,
1133 1851 1171 1879 iv.
1188 1854 1238 1881 90.
1258 1857 1331 1880 ante
1352 1852 1463 1880 urbem
1487 1848 1631 1885 Plataeas,
1655 1849 1697 1879 ix.

1050 1897 1101 1923 52.
1121 1897 1171 1923 60.
1186 1893 1341 1932 templum
1359 1893 1462 1933 Argis,
1479 1892 1518 1922 vi.
1535 1896 1585 1922 81.

1006 1935 1132 1974 Jupiter
1146 1935 1292 1974 expiator,
1314 1935 1482 1975 hospitalis,
1496 1935 1517 1964 i.
1532 1937 1582 1964 44.

1007 1978 1133 2017 Jupiter
1146 1978 1232 2017 apud
1244 1979 1352 2009 Persas
1367 1978 1499 2013 Coelum,
1517 1978 1538 2007 i.
1553 1980 1624 2008 151.
1635 1977 1696 2008 Bel

1048 2021 1133 2060 apud
1147 2021 1346 2061 Babylonios,
1360 2022 1380 2052 i.
1397 2025 1468 2052 181.
1485 2021 1649 2056 Ammous,
1666 2021 1698 2050 ii.

1049 2068 1100 2094 42.
1131 2064 1308 2100 Thebanus,
1338 2065 1370 2094 ii.
1399 2068 1450 2095 54.
1480 2064 1632 2098 liberator,
1664 2070 1696 2094 et

1048 2107 1115 2147 ejus
1130 2107 1293 2146 templum,
1319 2107 1362 2138 iii.
1381 2111 1451 2137 142.
1474 2105 1628 2142 Herm-ius,
1651 2107 1692 2137 vi.

1050 2154 1098 2181 68.
1126 2151 1311 2190 Scytharum
1327 2150 1413 2186 deus,
1437 2150 1477 2180 iv.
1492 2154 1542 2182 59.
1560 2150 1696 2189 Papaeus

1048 2193 1133 2232 apud
1151 2194 1287 2233 Scythas,
1311 2194 1384 2224 ibid.
1402 2193 1546 2233 Lycaeus,
1569 2193 1608 2222 iv.
1624 2196 1696 2223 205.

1052 2236 1172 2271 Can'us,
1202 2247 1230 2266 v.
1261 2241 1311 2267 66.
1334 2236 1553 2271 Lacedaemon,
1580 2236 1618 2265 vi.
1643 2239 1695 2266 56.

1048 2279 1186 2314 coelestis,
1211 2279 1284 2309 ibid.
1314 2289 1413 2309 aereus
1435 2279 1543 2308 decem
1573 2278 1694 2308 cubito-

1047 2332 1120 2351 rum
1135 2322 1203 2359 ubi,
1220 2322 1261 2352 ix.
1278 2326 1327 2352 81.
1352 2322 1426 2353 Jovi
1447 2321 1576 2352 decimae
1590 2331 1696 2351 neces-

1048 2365 1127 2394 sario
1164 2365 1347 2401 redduntur,
1374 2365 1394 2395 i.
1421 2368 1471 2396 89.
1500 2364 1589 2396 Jovis
1613 2364 1696 2394 Carii

1044 2407 1166 2448 fanum?
1183 2408 1268 2447 apud
1295 2408 1441 2448 Mylassa,
1469 2408 1490 2438 i.
1514 2411 1582 2438 171.
1605 2407 1695 2438 Jovis

1047 2450 1118 2481 Beli
1134 2450 1289 2490 templum
1305 2457 1336 2481 et
1350 2450 1563 2484 simulacrum,
1586 2450 1606 2479 i.
1625 2453 1695 2480 181.

1045 2494 1089 2523 iii.
1107 2497 1175 2524 158.
1197 2494 1285 2525 Jovis
1307 2494 1506 2524 Thebaeensis
1527 2492 1692 2532 templum,

1042 2537 1063 2566 i.
1090 2540 1157 2566 182.
1174 2537 1216 2566 iii.
1241 2537 1346 2567 42.iv.
1371 2540 1441 2567 181.
1455 2535 1544 2567 Jovis
1564 2535 1692 2566 simula-

1045 2589 1134 2609 crum
1169 2579 1299 2609 arietina
1327 2580 1418 2617 facie,
1454 2580 1485 2609 ii.
1521 2582 1573 2609 42.
1603 2579 1693 2610 Jovis

1047 2623 1158 2652 fanum
1173 2622 1259 2661 apud
1276 2623 1474 2662 Thesprotos,
1490 2621 1524 2652 ii.
1537 2625 1588 2653 56.
1604 2622 1692 2652 Jovis

1047 2665 1152 2695 cultus
1181 2665 1266 2704 apud
1296 2666 1438 2701 Bleroen,
1469 2665 1499 2696 ii,
1531 2669 1580 2696 29.
1603 2664 1694 2695 Jovis

1044 2708 1208 2740 oraculum
1224 2708 1308 2747 apud
1320 2708 1495 2749 AEgyptios,
1513 2707 1545 2737 ii.
1559 2710 1608 2737 85.

1002 2751 1130 2790 Jupiter
1143 2751 1293 2790 praecellit
1307 2752 1454 2781 omnibus
1471 2750 1549 2782 Diis,
1572 2750 1604 2779 ii.
1622 2752 1692 2779 136.

1004 2794 1131 2833 Jupiter
1156 2794 1400 2824 Ammoniorum
1430 2793 1530 2831 capite
1555 2792 1692 2826 arietino,

1047 2837 1088 2866 iv.
1116 2840 1186 2866 181.
1209 2836 1298 2868 Jovis
1322 2835 1485 2866 Ammonii
1507 2835 1661 2874 templum
1677 2846 1695 2864 a

1047 2879 1201 2918 Cambyse
1235 2879 1365 2909 incendi
1395 2879 1531 2919 jussum,
1560 2879 1605 2908 iii.
1641 2882 1691 2908 25.

1043 2922 1132 2953 Jovis
1155 2921 1284 2954 forensis
1309 2932 1369 2959 ara,
1396 2932 1424 2952 v.
1451 2925 1503 2953 46.
1526 2921 1614 2953 Jovis
1635 2920 1692 2950 mi-

992 2969 1014 2996 5
