1836 3156
734 123 964 154 INDEX.

128 211 224 243 Luna
241 208 408 240 Persarum
430 217 548 247 praeseS,
571 207 622 238 vii.
636 209 687 238 37.
711 207 815 238 Luuae

172 253 296 287 festum,
312 251 343 282 ii.
358 255 408 282 47.

132 295 219 335 Lupi
229 306 266 325 ex
273 294 453 324 hominibus
462 294 542 323 effici
550 293 698 324 dicuntur
704 292 814 328 Neuri,

172 339 212 369 iv.
228 341 298 369 105.
309 337 457 376 luporum
472 336 640 376 sepultura,
657 336 688 366 ii.
703 340 753 366 67.

133 382 243 413 Lutrae
259 380 312 410 ubi
327 379 496 418 capiantur,
513 380 551 410 iv.
570 383 640 411 109.
658 378 817 419 AEgyptiis

171 433 273 459 sacrae,
289 422 320 452 ii.
339 425 390 453 72.
621 441 624 445 ι

132 468 245 498 Luxus
263 466 438 501 Persarum,
455 464 497 494 ix.
511 468 563 495 81.

131 511 267 550 Lycaeus
282 508 415 548 Jupiter,
432 508 470 538 iv.
494 511 566 538 205.

134 553 306 592 Lycaretus
324 550 492 581 Maeandrii
505 560 681 591 germanus,
698 560 726 580 v.
740 552 791 582 27.

131 595 230 635 Lycia
244 594 320 624 olim
337 594 462 634 Milyas,
475 594 494 623 i.
514 597 581 624 175.

132 638 268 678 Lycidas
289 642 413 667 senator
438 637 554 667 Athen.
575 647 649 667 cum
663 645 760 667 uxore
787 642 819 666 et

175 680 279 711 liberis
294 679 458 719 lapidatur,
475 680 515 710 ix.
531 683 561 711 5.

135 723 225 763 Lycii
239 724 273 753 in
287 729 473 762 potestatem
490 723 587 754 Croesi
595 722 719 758 redacti,
735 722 754 752 i.
766 725 815 752 28.

175 776 285 797 eorum
300 776 317 796 e
337 766 430 796 Creta
443 766 540 806 origo,
556 766 576 796 i.
595 769 663 798 175.
686 776 705 795 a
728 765 817 804 Lyco

174 819 291 839 nomen
305 819 461 848 accepere,
477 809 526 838 vii.
543 813 590 841 92.
608 810 647 839 ab
665 809 818 848 Harpago

175 852 255 886 victi,
272 852 291 881 i.
310 856 378 883 176.
403 851 541 891 populus
564 852 664 882 Dario
685 851 816 881 tributa-

174 895 247 930 rius,
264 895 306 926 iii.
322 899 372 926 90.
386 905 495 925 eorum
507 895 539 924 in
552 894 669 925 Xerxis
682 894 821 924 exercitu

175 944 340 974 armatura,
357 938 407 968 vii.
424 942 473 969 92.
487 938 648 978 quondam
672 936 820 968 Termilae

175 981 284 1016 vocati,
300 981 319 1011 i.
338 984 406 1011 175.
429 980 480 1011 vii.
502 985 551 1012 92.
574 990 684 1011 eorum
705 988 821 1010 nomen

177 1029 208 1054 et
222 1023 315 1064 leges,
332 1024 351 1053 i.
370 1026 439 1054 175.

133 1066 222 1107 Lycii
237 1077 334 1102 arcus,
352 1065 402 1095 vii.
420 1070 469 1097 77.

135 1109 331 1150 Lycomedes
364 1109 507 1140 AEschrei
527 1109 570 1140 fil.
590 1109 643 1151 vir¹
666 1115 821 1146 strenuus,

175 1152 240 1182 viii.
264 1156 311 1182 11.

135 1196 273 1235 Lycopae
291 1195 468 1226 Lacedaem.
482 1195 656 1232 strenuitas,
674 1195 718 1226 iii.
733 1198 785 1227 55.

138 1238 356 1279 Lycophronis
387 1238 550 1269 Periandri
588 1238 644 1268 filii
668 1238 820 1275 interitus,

177 1281 220 1312 iii.
234 1285 284 1312 55.
299 1284 336 1312 de
351 1292 382 1312 eo
398 1289 427 1312 ec
442 1284 475 1312 in
485 1284 728 1321 praecedentibus
743 1294 810 1321 cap.

139 1323 308 1365 Lycurgus
333 1324 530 1355 Aristolaidis
545 1325 636 1361 filius,
651 1325 672 1354 i.
687 1329 736 1356 59.
754 1325 819 1364 Ly—

95 1378 98 1380 *
178 1378 294 1408 curgus
309 1374 340 1397 et
351 1367 513 1408 Msegacles
526 1368 724 1398 Pisistratum
739 1367 823 1408 ejici-

173 1417 246 1446 unt,
269 1410 343 1441 ibid.
366 1411 534 1451 Lycurgus
557 1411 718 1450 Spartiata,
742 1411 822 1441 inte-

181 1454 323 1494 gerrimae
339 1455 420 1487 vitae,
444 1454 463 1483 i.
490 1457 540 1484 65.
564 1455 592 1484 ei
616 1453 780 1484 oraculum
805 1464 823 1483 a

183 1497 299 1537 Pythia
313 1497 461 1528 redditur.
478 1497 552 1527 ibid.
566 1496 756 1537 legumlator
778 1502 824 1526 est

176 1539 262 1578 apud
285 1540 549 1576 Lacedaemonios,
574 1540 648 1570 ibid.
675 1540 826 1570 Leobotae

181 1583 406 1622 Spartiatarum
435 1583 517 1623 regis
538 1589 631 1618 tutor,
661 1583 735 1613 ibid.
760 1583 826 1622 Ly-

179 1626 269 1666 curgi
294 1625 462 1656 delubrum
491 1626 576 1665 apud
605 1627 782 1666 Spartiatas‚
808 1625 828 1654 i.

137 1712 306 1752 Lycurgus
324 1711 466 1742 Amianti
481 1718 577 1751 pater,
594 1712 633 1742 vi.
649 1714 721 1743 127.

136 1755 247 1794 Lycus
264 1753 387 1790 fluvius,
415 1754 466 1787 vii.
481 1758 532 1785 50.
559 1758 629 1785 125.

140 1798 248 1837 Lycus
266 1797 487 1828 Anacharsidis
501 1808 585 1832 avus,
602 1797 642 1828 iv.
658 1800 706 1828 76.

140 1840 248 1881 Lycus
266 1839 438 1870 Pandionis
452 1840 543 1875 filius,
566 1840 616 1871 vii.
633 1845 682 1872 92.
704 1850 723 1870 a
735 1840 830 1871 fratre

183 1883 288 1923 AEgeo
301 1883 430 1923 pellitur
448 1883 591 1919 Athenis,
606 1883 626 1913 i.
639 1887 708 1914 175.

141 1926 235 1966 Lyda
249 1936 348 1961 mous,
363 1926 383 1956 i.
401 1929 472 1957 174.

142 1968 261 2009 Lydias
275 1969 397 2005 fluvius,
413 1968 466 1999 vii.
483 1972 554 2000 127.

141 2011 245 2053 Lydia
256 2012 324 2042 auri
333 2017 474 2042 ramenta
485 2022 503 2042 e
519 2011 634 2042 Tmolo
644 2011 828 2051 provenien-

182 2055 234 2091 tia,
251 2057 352 2091 habet,
383 2055 402 2085 i.
426 2058 475 2087 95.
498 2055 621 2095 argenti
635 2055 730 2085 etiam
751 2055 830 2085 fera-

183 2098 312 2134 cissima,
329 2109 357 2128 V.
373 2102 424 2130 49.

141 2140 224 2181 Lydi
238 2140 374 2180 populus
389 2147 462 2171 ante
478 2141 623 2177 Meones,
640 2140 749 2176 vocati,
765 2140 785 2172 i.
801 2143 832 2171 7.

184 2184 235 2214 vii.
252 2187 302 2214 74.
316 2190 443 2215 strenua
460 2194 546 2225 gens,
569 2185 590 2214 i.
605 2188 654 2216 79.
671 2182 831 2225 equitandi

183 2226 378 2267 peritissima,
397 2227 471 2257 ibid.
494 2227 660 2267 Lydorum
679 2237 781 2256 mores
801 2232 833 2256 et

184 2270 282 2310 leges,
298 2270 319 2300 i.
333 2273 384 2302 95.
401 2274 450 2301 94.
465 2271 543 2300 ritus
558 2270 688 2300 ineundi
709 2269 832 2300 foederis

184 2312 268 2343 idem
283 2313 338 2353 qui
359 2313 444 2353 apud
468 2314 604 2349 Graecos,
628 2313 648 2342 i.
673 2317 723 2343 74.
745 2319 781 2343 ut
803 2319 834 2343 et

184 2355 340 2395 expiandi,
356 2356 375 2386 i.
391 2360 445 2387 55.
459 2356 624 2396 Lydorum
638 2355 710 2385 ffliae
725 2366 834 2386 omnes

184 2398 426 2439 prostituuntur,
443 2400 463 2429 i.
479 2403 528 2430 95.
546 2399 629 2440 Lydi
642 2398 737 2438 primi
757 2409 830 2429 cau-

184 2452 285 2482 pones
297 2442 523 2484 institoresque,
543 2444 561 2473 i.
578 2446 627 2474 94.
643 2452 753 2473 eorum
764 2452 832 2481 par-

186 2490 234 2515 tes
242 2484 350 2524 primae
361 2485 395 2515 in
406 2485 599 2516 consulendo
614 2485 741 2516 oraculo
755 2484 833 2515 Del-

186 2528 288 2567 phico,
305 2528 325 2558 i.
340 2532 391 2558 54.
405 2539 515 2559 eorum
531 2528 765 2569 Medorumque
779 2528 836 2558 foe-

189 2570 258 2606 dus,
289 2571 308 2600 i.
332 2573 380 2601 74.
413 2571 579 2611 Lydorum
603 2571 836 2612 Medorumque

187 2613 423 2654 quinquennale
437 2614 564 2650 bellum,
581 2614 601 2644 i.
617 2617 667 2645 74.
681 2618 750 2645 105.
767 2615 834 2654 Ly—

189 2656 303 2686 dorum
318 2667 392 2686 cum
409 2657 512 2687 Persis
526 2657 688 2688 conflictus
703 2663 734 2687 et
749 2657 834 2698 fuga,

189 2699 210 2729 i.
236 2703 286 2730 76.
316 2704 366 2730 80.
389 2699 480 2739 primi
493 2700 637 2730 omnium
648 2710 761 2730 aurum
790 2710 838 2730 ar-

189 2748 385 2783 gentumque
414 2742 454 2772 ad
483 2743 639 2774 utendum
675 2753 833 2783 percusse-

189 2791 274 2820 runt,
300 2786 318 2815 i.
345 2790 394 2817 94.
423 2786 516 2825 primi
539 2787 715 2817 inventores
743 2786 837 2816 ludo.

190 2837 270 2863 rum,
294 2828 368 2858 ibid.
381 2829 415 2858 in
438 2829 608 2860 Thusciam
622 2830 758 2860 colonias
780 2829 834 2860 de-

189 2870 356 2906 duxerunt,
367 2872 441 2902 ibid.
454 2872 618 2912 Lydorum
630 2873 747 2906 divisio,
762 2873 837 2903 ibid.

191 2912 274 2953 Lydi
289 2915 448 2956 quomodo
471 2925 490 2946 a
506 2915 590 2955 Cyro
613 2916 792 2952 effeminati,
816 2915 835 2945 i.

1503 128 1545 156 57

906 211 973 239 155.
1002 210 1069 239 157.
1093 207 1177 248 Lydi
1201 208 1332 239 Caribus
1354 209 1502 249 germani,
1527 209 1550 240 i.

906 255 974 282 171.
990 261 1098 281 eorum
1115 252 1275 282 tributum.
1299 252 1340 282 iii.
1365 257 1414 283 90.
1436 261 1546 283 eorum

902 294 935 323 in
952 294 1066 323 Xerxis
1081 294 1219 324 exercitu
1234 301 1398 331 armatura,
1422 295 1474 325 vii.
1497 298 1550 326 74.

860 336 972 376 Lydus
991 336 1082 376 Atyis
1093 336 1183 373 filius,
1203 337 1274 367 ibid.

862 379 972 419 Lydus
986 380 1080 409 frater
1098 380 1192 415 Caris,
1210 380 1229 409 i.
1252 383 1319 411 171.

858 422 1031 462 Lygdamis
1050 423 1225 452 Artemisiae
1236 430 1331 462 pater,
1348 423 1398 453 vii.
1414 427 1464 455 99.

859 465 1033 505 Lygdamis
1050 465 1179 498 Naxius,
1197 466 1216 495 i.
1233 469 1282 497 61.
1299 470 1349 497 64.

863 508 1012 548 Lynceus
1026 508 1212 544 Chemmita,
1229 509 1261 538 ii.
1278 513 1327 541 91.

864 551 1038 591 Lysagoras
1055 551 1146 580 Tisia>
1163 551 1203 581 fil.
1219 551 1257 582 vi.
1277 556 1346 582 155.

863 594 1038 633 Lysagoras
1056 593 1181 623 Histiaei
1198 601 1291 633 pater,
1308 606 1335 625 v.
1351 599 1402 625 50.

864 636 1022 676 Lysanias‚
1040 646 1056 665 e
1071 637 1172 675 procis
1190 638 1353 678 Agaristae,
1369 638 1407 669 vi.
1427 640 1496 669 127.

863 679 1069 719 Lysimachus
1088 679 1233 709 Aristidis
1242 686 1338 719 pater,
1354 681 1415 711 viii.
1431 685 1480 713 79.
1497 684 1546 715 95.

861 722 1052 763 Lysistratus
1071 722 1254 753 Atheniens.
1268 723 1330 753 viii.
1346 728 1395 755 96.

1192 851 1232 882 M

865 938 968 968 Macae
982 937 1119 977 populus
1136 937 1261 973 Africae,
1277 937 1316 968 iv.
1332 941 1401 970 175.
1414 949 1443 970 v.
1458 941 1510 969 42.

865 980 1058 1011 Macedones
1073 991 1091 1010 a
1109 981 1207 1011 Dario
1221 981 1350 1018 subacti,
1366 981 1405 1012 vi.
1420 985 1470 1012 44.

866 1024 1050 1054 Macedonis
1061 1030 1150 1060 terra,
1166 1024 1216 1053 vii.
1236 1027 1306 1056 127.

866 1067 1052 1102 Macednus,
1068 1067 1164 1103 locus,
1181 1067 1202 1097 i.
1217 1071 1267 1098 56.

867 1110 1031 1150 Machlyes
1046 1109 1192 1148 populus,
1209 1110 1248 1140 iv.
1268 1113 1338 1141 178.

867 1154 1031 1188 Macistus,
1049 1151 1202 1182 Eleorum
1218 1153 1381 1192 oppidum,
1397 1153 1436 1183 iv.
1456 1156 1524 1183 148.

867 1196 1023 1226 Macrobii
1037 1195 1174 1235 populus
1192 1196 1371 1236 AEthiopiae,
1388 1196 1430 1225 iii.
1452 1199 1500 1227 17.

868 1239 1033 1269 Macron&¹
1048 1249 1119 1278 pop.
1141 1239 1173 1269 ii.
1192 1243 1259 1270 104.
1275 1239 1319 1268 iii.
1335 1243 1384 1270 94.
1398 1248 1508 1269 eorum
1522 1239 1555 1268 in

912 1282 1028 1312 Xerxis
1042 1281 1180 1312 exercitu
1195 1288 1363 1319 armatura,
1380 1282 1431 1311 vii.
1451 1285 1500 1312 78.

866 1325 1059 1356 Mactorium
1074 1326 1148 1355 urbs
1163 1335 1256 1364 super
1274 1325 1395 1360 Gelam,
1420 1325 1470 1354 vii.
1488 1328 1557 1356 155.

867 1367 1001 1408 Madyes
1016 1367 1099 1397 filius
1114 1368 1302 1408 Protothyae,
1331 1369 1434 1408 Scyth.
1456 1377 1517 1403 rex,
1535 1367 1554 1397 i.

868 1454 1021 1494 Madytus
1035 1455 1116 1488 urbs,
1133 1454 1184 1484 vii.
1199 1457 1248 1484 55.
1265 1453 1305 1484 ix.
1325 1458 1393 1485 120.

869 1496 1033 1527 Maeander
1054 1496 1169 1527 fluvius
1189 1503 1357 1533 tortuosus,
1389 1497 1420 1527 ii.
1443 1501 1494 1527 29.
1515 1495 1560 1526 iii.

916 1544 985 1571 122.
1001 1551 1028 1570 v.
1047 1543 1114 1570 118.
1131 1546 1162 1570 et
1177 1540 1244 1580 ejus
1259 1540 1361 1570 fontes
1371 1540 1433 1576 ubi,
1444 1540 1493 1569 vii.
1509 1543 1561 1569 26.

871 1583 1027 1613 Maeandri
1042 1593 1179 1622 campus,
1196 1584 1215 1613 i.
1234 1586 1281 1613 18.
1300 1587 1368 1614 161.
1383 1583 1415 1613 ii.
1433 1587 1480 1613 10.

871 1626 1067 1656 Maeandrius
1089 1626 1263 1666 Polycratis
1285 1627 1390 1658 scriba.
1420 1626 1462 1656 iii.
1489 1629 1558 1656 125.

916 1669 1002 1700 Sami
1016 1677 1203 1708 procurator,
1228 1669 1270 1699 iii.
1301 1674 1370 1700 142.
1392 1676 1423 1700 et
1445 1679 1508 1704 rex,
1532 1679 1562 1699 v.

914 1716 964 1743 27.
979 1712 1046 1752 ejus
1068 1718 1155 1752 gesta
1177 1722 1251 1743 cum
1276 1713 1395 1749 Samiis,
1418 1712 1462 1742 iii.
1488 1715 1559 1742 142.

917 1759 984 1785 145.
997 1761 1050 1785 etc.

873 1797 1010 1833 Maeotae,
1027 1797 1065 1828 iv.
1083 1801 1155 1835 125.

873 1841 1000 1870 Maeotis
1015 1846 1046 1870 et
1062 1841 1186 1871 Maeetis
1201 1841 1292 1880 palus
1313 1841 1376 1878 ubi,
1393 1841 1414 1872 i.
1438 1845 1506 1873 104.
1522 1841 1562 1872 iv.

915 1888 945 1914 5.
960 1887 1011 1913 45.
1025 1887 1076 1914 86.
1094 1887 1248 1914 101.120.

875 1925 1048 1967 Magdolus
1063 1926 1214 1966 oppidum
1230 1926 1292 1961 ubi,
1308 1927 1339 1956 ii.
1357 1930 1429 1959 159.

875 1969 965 2010 Magi
977 1969 1114 2008 populus
1127 1969 1253 2005 Mediae,
1270 1969 1290 1998 i.
1304 1973 1372 2000 101.
1387 1970 1472 2010 magi
1487 1970 1562 2001 Per-

916 2022 1029 2047 sarum,
1052 2011 1072 2041 i.
1098 2015 1165 2042 140.
1193 2012 1339 2043 heroibus
1363 2013 1424 2043 Ilio
1448 2023 1562 2053 paren-

915 2061 991 2090 tant,
1015 2054 1066 2084 vii.
1089 2059 1138 2085 43.
1160 2065 1325 2095 magorum
1347 2063 1563 2087 commentum

916 2104 953 2128 ut
971 2098 1138 2128 Persarum
1151 2099 1318 2138 imperium
1335 2106 1495 2139 occupent,
1521 2100 1564 2130 iii.

917 2145 966 2172 61.
989 2148 1044 2172 etc.
1065 2147 1097 2171 et
1125 2152 1235 2172 eorum
1264 2142 1415 2178 interitus,
1445 2143 1488 2172 iii.
1513 2146 1563 2174 78.

917 2194 1083 2224 magorum
1098 2185 1273 2224 promiscua
1288 2185 1394 2218 caedes.
1411 2185 1453 2215 iii.
1468 2189 1517 2217 79.

876 2227 1102 2268 Magophonia‚
1120 2229 1287 2258 Persarum
1301 2228 1418 2258 festum
1432 2228 1560 2265 celebre,

918 2270 989 2300 ibid.

879 2314 1001 2354 Magna
1030 2315 1155 2355 negotia
1184 2324 1258 2344 cum
1272 2313 1417 2354 periculis
1429 2315 1558 2354 suscipi-

919 2364 1024 2394 untur,
1042 2358 1090 2387 vii.
1104 2361 1154 2389 50.

878 2400 1044 2441 Magnesia
1058 2402 1141 2437 urbs,
1164 2400 1184 2430 i.
1202 2403 1269 2431 161.
1292 2400 1325 2431 ii.
1343 2404 1370 2430 1.
1392 2401 1487 2442 regio,
1511 2400 1566 2432 vii.

922 2447 992 2474 176.
1007 2447 1076 2474 185.

877 2487 1044 2526 Magnetes
1058 2486 1202 2526 populus,
1220 2486 1261 2515 iii.
1276 2490 1326 2517 90.
1341 2487 1393 2516 vii.
1410 2490 1478 2517 152.

880 2529 978 2560 Malae
993 2529 1109 2560 dextrae
1130 2530 1163 2559 in
1192 2529 1416 2560 contumeliam
1439 2530 1560 2566 derasae,

921 2573 954 2604 ὓ.
973 2576 1041 2603 121.

881 2615 988 2646 Malea
1013 2616 1108 2656 regio,
1131 2615 1150 2645 i.
1174 2619 1222 2645 ³³2.
1244 2616 1502 2655 promontorium,
1526 2615 1565 2645 iv.

925 2662 936 2688 l
946 2663 994 2690 79.

882 2701 1012 2731 'Malena
1026 2701 1060 2730 in
1074 2702 1201 2741 regione
1220 2701 1397 2737 Atarnitidi,
1412 2701 1451 2731 vi.
1468 2705 1518 2733 29.

879 2745 982 2774 Males
999 2744 1131 2777 [Etolus.
1144 2745 1184 2773 vi.
1203 2747 1271 2774 127.

880 2787 1041 2818 Mandane
1056 2787 1204 2827 Astyagis
1216 2786 1285 2823 fllia,
1298 2788 1318 2817 i.
1336 2791 1404 2818 107.
1420 2788 1564 2827 Cambysi

922 2836 1057 2869 nuptum
1073 2829 1172 2865 datur,
1190 2830 1263 2860 ibid.

881 2872 1080 2904 Mandrocles
1105 2873 1229 2903 Samius
1243 2873 1436 2908 architectus,
1454 2873 1493 2902 iv.
1516 2876 1570 2903 87.

921 2922 1164 2947 monumentum
1184 2917 1223 2947 ab
1237 2926 1275 2948 eo
1295 2916 1442 2957 positum,
1464 2916 1503 2946 iv.
1519 2918 1569 2946 88.
