1805 3151
107 1260 190 1294 Quae
204 1263 257 1288 caei
263 1257 306 1287 eri

107 1302 209 1332 Graeci
225 1301 264 1331 de

104 1345 246 1384 prosapia

104 1398 215 1428 regum
235 1388 304 1418 Do-

105 1441 242 1461 rlcorum

107 1481 242 1504 narrent.

116 2303 203 2340 Quid
214 2304 290 2334 Per-

113 2347 153 2377 sis
169 2346 277 2377 eadem

113 2390 152 2419 de
167 2399 200 2420 re
214 2390 280 2429 pla-

113 2439 188 2465 ceat.

113 2687 220 2723 Quam
240 2698 307 2727 par-

108 2736 172 2760 tem
186 2730 281 2761 histo-

330 176 390 214 8‘2
762 163 1244 213 HERODOTI

327 317 396 354 σα,
433 297 542 351 δῆλά
576 309 647 355 σφι
673 297 839 344 ἐ’σεσθαι
865 298 914 349 ὣς
938 295 1025 343 οὐδὲ
1049 295 1170 349 ἐκείνη
1210 293 1331 340 πλέον
1353 292 1461 341 οὐδὲν
1483 293 1575 341 οἶδε·
1615 295 1680 341 ἐπ’

327 376 455 429 ἄλλην
478 375 522 421 τέ
545 386 672 433 σφεας
690 375 927 438 τράπεσθαι
954 373 1049 420 ὁδόν.
1097 373 1326 420 Ἐνθαῦτα
1349 370 1396 425 δῆ
1417 370 1513 424 τούς
1538 370 1682 436 Σπαρ-
1707 380 1770 420 30

327 453 485 507 τιῆτας,
511 449 631 498 κατοὶ
655 449 732 504 τοὶς
763 455 837 498 τοῦ
863 450 1093 505 Μεσσηνίου
1136 448 1371 504 ὑποθήκας,
1414 449 1684 508 φυλάξαντας

327 527 395 581 την
434 527 590 590 μητέρα
626 531 700 573 τῶν
736 526 1043 590 Ἀριστοδῆμου
1083 524 1253 580 παίδων,
1292 523 1431 572 λαὲεῒν
1467 523 1586 572 κατοὶ
1625 524 1685 573 τοὶ

329 602 443 651 αὐτοὶ
466 608 650 666 τιμῶσαν
672 602 739 650 τόν
762 603 943 667 πρότερον
965 602 1041 649 καὶ
1081 602 1225 648 σίτοισι
1264 601 1339 648 καὶ
1360 607 1573 666 λουτροῖσι,
1608 603 1683 649 οὐκ

329 683 474 731 εἰδυῖαν
508 688 583 730 τῶν
618 684 751 731 εἵνεκεν
786 683 1051 742 ἐφυλάσσετο.
1085 679 1295 733 λάζοντας
1319 679 1358 728 δὲ
1382 680 1430 728 τὰ
1453 681 1614 728 παιδίον
1636 680 1687 728 τδ

329 762 549 823 τιμώμενον
589 759 686 824 πρὸς
721 764 793 814 τῆς
816 758 1062 821 γειναμένης,
1100 759 1150 810 ὦς
1173 756 1230 803 έόν
1254 756 1452 821 πρότερον,
1478 757 1626 822 τρέφειν
1649 759 1685 805 ἐν
1709 766 1771 807 35

330 841 388 900 τῷ
412 837 601 900 δημοσίῳ·
637 836 719 883 καί
738 837 779 882 οἱ
797 834 951 899 οὕνομα
975 836 1143 889 τεθῆναι
1187 835 1227 881 Ε
1242 835 1299 898 ὐρ
1319 853 1342 880 υ
1360 852 1386 880 σ
1404 837 1425 879 θ
1442 834 1489 881 έν
1503 853 1519 881 ε
1540 855 1586 891 α,
1628 837 1689 897 τῷ

332 914 371 962 δὲ
397 914 572 977 νεωτέρω,
612 913 658 960 Π
676 933 696 977 ρ
714 932 733 959 ο
751 932 779 959 κ
795 921 824 958 λ
843 912 857 959 έ
877 932 922 958 α.
959 911 1130 964 τούτους
1153 910 1429 978 ἀνδρωθέντας,
1454 911 1606 965 αὐτούς
1628 930 1688 968 τε,

332 989 551 1050 ἀδελφεοῦς
574 989 724 1045 ἐόντας,
749 989 915 1050 λέγουσι
940 988 1152 1052 διαφόρους
1176 988 1272 1035 εἶναι
1293 986 1361 1035 τδν
1388 989 1531 1035 πάντα
1554 987 1689 1052 χρόνον

332 1071 403 1121 τῆς
427 1066 521 1129 ζόης
544 1066 774 1122 ἀλληλοισι,
798 1065 874 1113 καὶ
896 1064 991 1119 τούς
1030 1063 1117 1112 ἀπό
1157 1064 1307 1112 τούτων
1342 1064 1573 1127 γενομένους
1612 1066 1686 1111 ὦσ-

334 1144 467 1196 αὑτως
491 1142 718 1190 διατελέειν.
1708 1148 1773 1189 40

402 1235 505 1266 L111.
542 1222 701 1266 Ταῦτα
724 1218 795 1282 μὲν
839 1217 1162 1280 Λακεδαιμόνιοι
1202 1217 1370 1277 λέγουσι
1411 1221 1550 1279 μοῦνοι
1587 1218 1690 1264 Ἑλ-

333 1296 466 1349 λὴνων.
503 1295 602 1342 τάδε
627 1294 683 1351 δὲ,
708 1292 826 1341 κατοὶ
849 1292 992 1341 ταύτοὶ
1015 1292 1220 1356 λεγόμενα
1244 1291 1329 1340 ὑπδ
1352 1294 1568 1349 Ἑλληνων,
1610 1293 1692 1355 ἐγὼ

333 1373 492 1435 γράφω·
534 1372 703 1423 τούτους
727 1369 810 1434 γοὶρ
834 1370 879 1424 δὴ
903 1369 998 1423 τοὺς
1025 1369 1204 1434 Δωριέων
1227 1373 1438 1433 βασιλῆας
1471 1370 1593 1435 μέχρι
1615 1370 1689 1434 μὲν

335 1448 505 1512 Περσέος
527 1452 602 1494 τοῦ
629 1448 817 1504 Δανάης,
856 1452 930 1494 τοῦ
968 1449 1068 1494 θεοῦ
1092 1446 1300 1504 ἀπεόντος,
1325 1447 1690 1511 καταλεγομένους

334 1526 460 1590 ὀρθῶς
482 1524 563 1572 ὑπὸ
584 1525 802 1579 Ἑλληνων,
825 1522 903 1570 καὶ
925 1523 1286 1585 ἀποδεικνυμένους
1308 1523 1360 1577 ὥς
1383 1525 1454 1571 εἰσι
1472 1523 1687 1578 ’Έλληνες
1747 1532 1777 1571 5

333 1603 403 1657 ἤδη
429 1600 510 1666 γὰρ
543 1605 773 1656 τηνικαῦτα
814 1602 850 1653 ἐς
877 1601 1090 1654 ’Έλληνας
1127 1596 1238 1647 οὗτοι
1278 1601 1442 1648 ἐτέλεον.
1479 1600 1598 1656 ἔλεξα
1634 1600 1690 1658 δὲ,

333 1679 455 1742 μέχρι
481 1678 670 1742 Περσέος,
705 1677 820 1724 τοῦδε
845 1677 989 1733 εἵνεκα,
1023 1674 1120 1723 ἀλλ’
1158 1678 1232 1723 οὐκ
1256 1676 1455 1724 ἀνέκαθεν
1496 1677 1554 1725 ἔτι
1592 1677 1690 1725 ἐ’λα-

336 1755 415 1811 ζον,
441 1755 502 1802 ὅτι
527 1756 602 1802 οὐκ
626 1755 762 1801 ἔπεστι
789 1754 990 1817 ἐπωνυμίη
1006 1753 1156 1818 Περσέϊ
1173 1754 1336 1817 οὐδεμίη
1350 1753 1505 1819 πατρὸς
1523 1756 1689 1811 θνητοῦ,

335 1834 465 1898 ὥσπερ
487 1832 699 1896 Ἡρακλέϊ
713 1831 995 1895 Ἀμφιτρΰων.
1033 1831 1102 1885 ἤδη
1126 1829 1174 1877 ὧν
1199 1831 1305 1895 ὀρθῷ
1328 1830 1443 1894 λόγῳ
1465 1832 1686 1896 χρεωμένῳ,

335 1911 456 1974 μέχρι
496 1914 570 1957 τοῦ
606 1909 777 1973 Περσέος
817 1909 944 1973 ὀρθῶς
983 1908 1137 1972 εἴρηταί
1171 1927 1259 1971 μοι.
1297 1907 1385 1955 ἀπὸ
1436 1907 1476 1955 δὲ
1516 1908 1690 1963 Δανάης
1718 1916 1778 1956 10

337 1991 408 2041 τῆς
429 1986 662 2051 Ἀκρισίου,
681 1985 960 2045 καταλέγοντι
983 1983 1079 2037 τούς
1102 1984 1181 2030 οἵνω
1216 1983 1294 2031 αἰεὶ
1318 1983 1501 2048 πατέρας
1524 1984 1689 2041 αὐτέων,

339 2062 550 2123 φαινοίατο
588 2060 636 2108 ἂν
677 2061 801 2114 ἐόντες
841 2062 882 2107 οἱ
915 2064 990 2107 τῶν
1018 2060 1198 2125 Δωριέων
1238 2060 1428 2124 ἡγεμόνες
1453 2060 1688 2121 Αἰγύπτιοι

337 2139 544 2200 ἰθαγενέες.
582 2142 725 2185 ταῦτα
747 2137 819 2201 μέν
843 2156 918 2193 νυν,
941 2136 1061 2184 κατα
1097 2136 1156 2184 τοὶ
1172 2138 1369 2192 ’Έλληνες
1403 2137 1585 2198 λέγουσι,
1622 2156 1691 2199 γε-

338 2215 641 2277 γενεηλόγηται.

403 2309 502 2340 le.
527 2294 619 2345 “Ως
642 2291 682 2339 δὲ
707 2290 728 2337 ὁ
751 2290 929 2355 Περσέων
951 2290 1076 2351 λόγος
1098 2291 1282 2352 λέγεται,
1307 2291 1432 2345 αὐτὸς
1456 2291 1478 2337 o‘
1500 2292 1690 2356 Περσεῦς,

338 2370 403 2418 έῶν
426 2370 661 2434 Ἀσσὺριος,
699 2370 850 2430 ἐγένετο
866 2369 1040 2426 ἽΞλλην,
1064 2371 1162 2417 ἀλλ’
1190 2372 1264 2417 οὐκ
1288 2372 1329 2417 οἱ
1347 2370 1518 2434 Περσέος
1540 2371 1689 2436 πρόγο-

337 2464 401 2494 νοι·
435 2447 531 2502 τούς
555 2446 594 2495 δὲ
617 2447 836 2511 Ἀκρισίου
871 2465 919 2507 γε
954 2447 1151 2511 πατέρας,
1187 2447 1486 2510 ὁμολογέοντας
1508 2449 1606 2495 κατ’
1635 2450 1689 2496 οι’-

335 2524 531 2578 κηιότητα
557 2523 706 2588 Περσέϊ
723 2522 843 2579 οὐδὲν,
868 2523 1037 2577 τοίντους
1061 2523 1100 2572 δὲ
1123 2524 1235 2580 εἶναι,
1271 2525 1464 2589 κατάπερ
1490 2525 1689 2580 ’Έλληνες

334 2600 517 2660 λέγουσι,
546 2599 822 2661 Αἰγυπτίους.
1744 2608 1774 2648 5
1793 2624 1796 2626 ’

401 2692 477 2724 LV.
521 2677 610 2726 Καὶ
647 2681 790 2725 ταῦτα
829 2677 901 2741 μέν
942 2697 1004 2725 νυν
1044 2677 1132 2741 περὶ
1172 2677 1340 2725 τουτέων
1375 2680 1552 2743 εἰρησθω.
1586 2677 1610 2724 ὅ
1646 2697 1687 2726 τι

104 2773 158 2803 riae
179 2773 306 2805 morum
332 2753 391 2812 δὲ,
426 2754 549 2808 ἐόντες
575 2754 822 2815 Αἰγὺπτιοι,
856 2754 932 2803 καὶ
965 2753 989 2802 ὅ
1015 2775 1055 2802 τι
1080 2754 1386 2818 ἀποδεξάμενοι,
1425 2755 1572 2803 ἐ’λαέον
1611 2754 1691 2809 τοὶς

1015 2844 1036 2872 5
