1836 3156
241 136 281 163 216

243 217 423 257 Erinnyum
439 215 615 251 delubrum,
632 214 673 245 iv.
690 218 760 247 149.

244 261 388 290 Erochus
403 260 486 294 urbs5
502 258 564 288 viii.
578 262 632 288 55.

245 303 343 333 Error
356 302 436 341 parit
452 302 576 336 damna,
592 301 643 330 vii.
662 304 709 331 lo.
722 301 754 340 §-
769 304 799 330 6.

248 346 418 380 Erxander,
440 345 513 375 Cois
527 350 622 382 pater,
636 343 675 374 iv.
694 347 742 375 97.
758 354 785 373 ν.
800 346 852 373 57.

247 389 359 429 Erycis
373 387 468 428 regio,
488 386 740 422 Heraclidarum‚
758 397 785 416 v.
802 389 854 415 45.

248 431 387 472 Erycina
400 430 495 470 regio,
513 440 542 458 v.
555 432 606 460 45.

250 473 382 514 Erythia
396 471 509 507 insula,
527 471 566 501 iv.
582 475 611 502 8.

246 517 371 558 Ἐρυθρὴ
387 517 480 552 βῶλος
496 516 570 544 urbs
592 514 635 544 sic
654 514 745 550 dicta,
762 517 793 544 id
808 520 863 552 est,
884 526 939 544 ru.-

295 562 349 590 bra
363 560 460 599 gleba,
477 557 506 587 ii.
522 561 594 588 111.

250 604 404 643 Erythrae,
422 601 441 630 i.
461 604 530 630 142.
606 624 610 625 .

251 646 490 686 Erythraeorum
505 653 580 673 cum
597 642 684 674 Chiis
697 642 830 680 bellum,
845 642 866 672 i.
884 646 932 672 18.

251 689 397 728 Erythrae
415 688 516 717 Boeot.
530 686 570 716 111.
596 689 644 717 15.
659 693 687 716 ec
715 690 762 717 19.
786 684 943 726 Eryssn-aei

289 739 322 762 et
362 730 433 761 Chii
454 730 588 760 eandem
611 728 763 758 sermonis
774 728 945 768 proprieta-

289 781 355 804 tem
377 779 507 807 servant,
524 772 543 801 i.
563 776 631 801 142.

252 818 418 858 Erythraea
432 817 507 845 urbs
520 825 629 854 aspera
643 821 673 845 et
687 820 840 849 montosa,
855 813 886 843 ii.
901 817 949 844 18.

253 861 371 900 Eryxo,
389 858 536 889 Arcesilai
551 857 645 887 vidua
656 857 760 887 mariti
778 857 946 896 interemp-

291 910 391 933 torem
408 907 506 936 necat,
521 900 556 929 iv>
579 904 648 930 160.

254 946 429 976 Etearchus
443 954 498 973 rex
517 943 589 978 Axi,
614 944 652 973 iv.
671 946 738 974 154.
762 942 842 973 alius
863 942 941 972 Am-

292 988 472 1018 moniorum
486 997 550 1021 rex,
568 986 598 1015 ii.
613 990 665 1016 52.

254 1030 400 1061 Eteocles
417 1029 642 1060 Laodamantis
656 1035 753 1068 pater,
772 1039 799 1058 v.
814 1032 865 1058 61.

254 1074 378 1104 Etesias
407 1083 472 1103 non
512 1082 577 1102 esse
617 1082 744 1102 causam
782 1071 946 1112 augmenti

298 1116 376 1153 Nili,
394 1116 425 1145 ii.
440 1120 490 1145 20.

257 1161 434 1191 Euaenetus
451 1158 565 1189 Careui
579 1157 672 1191 filius,
688 1158 739 1188 vii.
754 1160 824 1188 175.

255 1203 422 1243 Euagoras
438 1202 538 1236 Laco,
553 1201 591 1230 vi.
612 1205 679 1230 105.

254 1244 424 1276 Eualcides
448 1243 677 1274 Eretriensium
703 1243 775 1277 dux,
793 1243 839 1272 vir
861 1242 947 1273 illus·

296 1289 359 1324 tris,
376 1299 404 1317 V.
426 1291 494 1317 102.

258 1332 381 1362 Euboea
396 1330 506 1365 insula,
531 1339 647 1369 magna
668 1339 704 1358 ac
719 1330 816 1365 beata,
843 1329 948 1369 Cypro

296 1385 360 1404 non
376 1372 511 1406 inferior,
536 1383 564 1401 v.
579 1376 630 1402 51.
653 1372 692 1402 ad
708 1382 777 1401 eam
802 1371 949 1411 proelium

300 1418 485 1448 Graeeorum
505 1425 581 1445 cum
606 1415 709 1445 Persis
731 1422 864 1455 gestum,
888 1414 950 1444 viii.

299 1464 328 1495 4,
347 1467 402 1490 etc.

258 1505 452 1535 Euboeenses
481 1507 517 1530 ut
545 1501 667 1530 tractati
697 1511 715 1530 a
741 1500 870 1533 Gelone,
898 1500 947 1529 vii.

302 1550 371 1577 156.
388 1544 620 1574 Euboeensibus
641 1545 752 1573 datum
773 1543 945 1579 oraculum,

300 1588 385 1629 quod
397 1587 479 1617 male
493 1593 653 1626 spernunt,
671 1586 733 1616 viii.
749 1590 800 1618 20.

261 1631 442 1662 Euboicum
456 1630 619 1664 talentum,
637 1629 681 1659 iii.
700 1633 750 1660 89.

261 1675 413 1705 Euboicae
425 1674 529 1708 minae,
545 1672 618 1702 ibid.

261 1718 393 1748 Eubceae
408 1727 491 1751 cava,
507 1716 568 1746 viii.
585 1719 632 1745 15.

260 1760 414 1791 Euclides
435 1766 466 1789 et
484 1758 639 1789 Cleander
662 1758 866 1797 Hippocratis
889 1756 951 1794 filii,

303 1803 436 1833 vii.155.
464 1809 467 1812 “

263 1847 432 1886 Euergetae
446 1844 529 1885 regis
547 1843 675 1879 Persici,
693 1842 755 1873 viii.
769 1847 821 1874 85.

263 1889 410 1919 Euenius
427 1886 589 1926 Deiphoni
603 1886 774 1925 haruspicis
795 1892 890 1925 pater,
908 1886 949 1916 ix.

305 1935 355 1963 92.
370 1940 528 1960 sacrarum
550 1929 623 1959 solis
645 1929 751 1959 ovium
775 1935 887 1964 custos,
911 1928 952 1958 ix.

305 1978 355 2006 95.
377 1979 551 2004 excaecatus
571 1972 691 2007 misere,
716 1978 748 2002 et
768 1971 848 2002 ultio
863 1973 904 2002 ob
924 1971 957 2001 id

303 2017 343 2047 de
360 2015 572 2056 Apolloniatis
603 2021 736 2054 sumpta,
759 2014 834 2044 ibid.
856 2025 958 2045 caecus

305 2060 529 2090 divinationem
543 2058 671 2093 obtinet,
684 2058 725 2088 ix.
743 2062 793 2089 94.

264 2102 427 2133 Euelthon
445 2101 611 2132 Salaminis
621 2111 684 2135 rex.
699 2101 739 2131 iv.
754 2104 824 2131 162.
837 2111 865 2130 v.
885 2104 953 2130 104.

304 2147 344 2176 ab
358 2155 395 2175 eo
409 2143 607 2175 thuribulum
618 2143 797 2190 dedicapim
812 2143 954 2183 Delphis,

304 2188 378 2218 ibid.
394 2187 474 2218 circa
495 2197 570 2217 eum
586 2193 618 2217 et
641 2187 854 2217 Pheretimam
877 2194 953 2223 acta,

304 2231 379 2261 ibid.
573 2233 578 2243 ‘
675 2240 678 2242 ·

266 2273 469 2313 Euesperidae
490 2274 610 2303 bonum
641 2272 744 2303 solum
773 2272 953 2309 incolentes,

304 2318 343 2347 iv.
362 2320 431 2348 171.

263 2359 421 2391 Eumelus
438 2358 569 2389 Admeti
582 2358 625 2388 fil.
639 2358 669 2388 ii.
685 2362 713 2388 2.

264 2404 428 2434 Eumenes
441 2403 657 2443 Anagyrasius
667 2401 868 2433 Atheniensis
876 2411 956 2441 prae.

306 2445 515 2476 stantissimus
530 2446 563 2474 in
577 2454 685 2485 pugna
699 2444 810 2479 navali,
828 2445 889 2474 viii.
905 2449 958 2475 95.

266 2489 436 2519 Eunomus
454 2487 634 2528 Polydectis
648 2486 740 2523 filius,
764 2487 825 2517 viii.
844 2491 912 2517 151.

266 2531 419 2562 Eunuchi
433 2530 520 2570 apud
531 2531 640 2561 Persas
649 2530 844 2569 pretiosiores
859 2540 954 2571 quam

305 2574 385 2604 servi
399 2584 463 2603 non
478 2574 609 2608 castrati,
625 2573 687 2603 viii.
706 2576 774 2604 105.

264 2616 454 2656 Eupalium,
473 2617 665 2655 Naustrophi
688 2615 780 2653 filius,
803 2616 953 2646 architec-

303 2666 364 2695 tus,
382 2660 424 2689 iii.
439 2663 491 2690 60.

263 2701 456 2741 Euphorbus
488 2702 672 2737 Alcimachi,
712 2701 853 2742 proditor
875 2702 954 2732 Ere-

303 2745 380 2780 triae‚
397 2745 437 2774 Vi.
461 2749 529 2775 101.

264 2787 460 2827 Euphorion,
494 2787 636 2828 ffischyli
664 2787 764 2827 po'etae
792 2795 886 2827 pater,
917 2787 949 2818 ii.

263 2872 451 2913 Euphorion
469 2873 626 2912 Cynaegiri
641 2879 736 2912 pater,
754 2873 793 2903 vi.
810 2877 880 2903 114.

865 127 1096 160 INDEX.

1020 223 1090 244 rem
1113 217 1144 242 et
1174 212 1339 245 Pollucem
1363 213 1397 244 in
1426 214 1559 246 domum
1581 225 1671 246 suam

1021 255 1139 294 recepit
1167 262 1198 285 et
1227 256 1260 285 in
1283 267 1392 287 omues
1428 258 1572 289 homines
1608 259 1673 289 fuit

1021 298 1190 338 hospitalis,
1207 299 1247 328 vi.
1265 303 1335 331 127.

983 341 1162 380 Euphrates
1184 341 1311 378 flumen,
1334 343 1355 373 i.
1386 347 1454 374 180.
1479 354 1507 373 v.
1529 347 1580 375 52.
1612 350 1675 375 tor·

1023 389 1135 415 tuosus
1149 394 1167 413 a
1183 384 1304 414 Nitocri
1318 385 1466 421 redditus,
1483 386 1502 416 i.
1521 390 1590 418 185.

983 426 1134 467 Euripus,
1151 438 1178 456 v.
1196 430 1244 458 77.
1260 427 1311 457 vii.
1328 431 1396 459 175.
1413 429 1475 460 viii.
1500 433 1548 460 15.

986 469 1118 509 Europa
1135 470 1336 501 Cretensibus
1346 478 1441 511 rapta,
1454 473 1475 502 i.
1491 477 1518 502 2.
1536 473 1676 512 Europae

1027 512 1082 542 filii
1101 512 1259 552 Sarpedon
1275 520 1304 543 et
1328 515 1444 550 Minos,
1460 515 1479 544 i.
1508 519 1576 546 175.
1605 516 1675 547 Eu-

1026 565 1103 595 ropa
1128 556 1223 596 Tyn'a
1245 566 1285 585 an
1311 567 1428 588 nomen
1459 557 1599 598 Europae
1621 559 1674 589 de-

1028 598 1115 633 derit,
1132 599 1171 629 iv.
1188 602 1238 628 45.

988 641 1118 681 Europa
1133 641 1332 682 longitudine
1350 642 1461 672 Asiam
1477 650 1508 673 et
1526 643 1676 680 Africam,

1029 694 1092 714 non
1109 692 1140 715 et
1154 684 1328 720 latitudine,
1353 686 1536 726 assequitur,
1559 687 1599 717 iv.
1620 692 1675 718 42.

1030 731 1080 758 45.
1093 728 1233 766 Europae
1241 728 1486 764 commoditates,
1499 729 1549 763 vii.
1565 733 1594 760 5.
1608 730 1678 760 Eu-

1030 780 1114 809 ropae
1128 781 1245 800 nomen
1260 770 1345 801 unde
1359 770 1550 810 impositum,
1573 773 1611 802 iv.
1628 776 1682 804 45.

1037 813 1176 853 Europae
1191 820 1330 843 extrema
1338 813 1454 854 ignota.
1470 814 1513 844 iii.
1528 818 1596 845 115.
1612 819 1682 847 116.

994 856 1165 896 Euryanax
1183 856 1293 887 Doriei
1310 856 1399 890 filius,
1416 856 1538 898 collega
1561 858 1680 889 Pausa—

1033 899 1104 933 niae,
1120 900 1160 928 ix.
1180 903 1226 930 10.
1238 903 1288 929 55.
1304 903 1355 930 55.
1629 908 1633 909 ’

988 943 1166 982 Eurybates
1195 942 1404 982 quinquertio,
1443 942 1483 972 vi.
1524 947 1574 974 92.
1613 944 1682 985 ejus

1029 984 1132 1015 clades
1147 991 1178 1015 et
1192 985 1342 1019 interitus„
1359 985 1433 1015 ibid.
1443 985 1484 1016 ix.
1500 990 1551 1017 74.

989 1028 1193 1068 Eurybiades‚
1213 1027 1395 1067 Euryclidae
1410 1028 1506 1066 filius,
1520 1029 1584 1060 dux
1601 1029 1680 1060 clas-

1031 1071 1072 1100 sis
1090 1071 1286 1108 Graecorum,
1309 1071 1370 1101 viii.
1387 1075 1416 1101 2.
1442 1071 1475 1101 111
1499 1072 1683 1113 Eurybiade

1031 1113 1151 1144 consilii
1180 1113 1292 1153 inopia,
1323 1113 1383 1144 viii.
1415 1117 1433 1146 ’ἵ
1436 1118 1465 1144 4.
1489 1115 1681 1156 Eurybiadae

1031 1156 1109 1191 laus,
1126 1157 1186 1186 viij.
1206 1160 1277 1186 124.

992 1199 1189 1239 Euryclides‚
1205 1199 1267 1229 viii.
1283 1203 1311 1229 2.

992 1243 1182 1281 Eurycrates
1200 1241 1349 1282 Polydori
1363 1242 1458 1280 filius,
1472 1243 1524 1273 vii.
1539 1247 1610 1274 204.

992 1285 1215 1325 Eurycratides
1232 1285 1416 1316 Anaxandri
1431 1285 1523 1322 filius,
1538 1287 1590 1317 vii.
1611 1291 1685 1319 204.

993 1328 1176 1368 Eurydame
1203 1328 1409 1368 Leutychidis
1437 1339 1526 1366 uxor,
1562 1330 1602 1360 vi.
1631 1334 1683 1362 71.

1034 1371 1103 1411 ejus
1117 1381 1225 1412 genus,
1244 1370 1316 1401 ibid.

994 1414 1198 1454 Eurydemus
1214 1413 1351 1453 Epialtae
1365 1421 1458 1452 pater,
1477 1414 1527 1445 vii.
1542 1419 1614 1446 215.

995 1457 1159 1497 Eury-leon
1171 1467 1246 1487 cum
1254 1457 1374 1488 Dorieo
1385 1457 1517 1488 coloniae
1523 1458 1684 1495 deductor.

1035 1511 1120 1530 unus
1134 1506 1288 1539 superstes
1303 1510 1320 1530 e
1333 1500 1426 1536 bello,
1443 1511 1471 1530 v.
1485 1505 1537 1532 46.
1563 1501 1686 1533 Selinu-

1035 1543 1154 1573 siorum
1170 1550 1330 1583 tyrannus,
1352 1543 1429 1574 ibid.
1443 1544 1511 1584 ejus
1532 1544 1686 1581 interitus,

1036 1586 1112 1616 ibid.

996 1629 1218 1669 Eurymachus
1235 1629 1419 1660 Leontiadis
1433 1636 1529 1668 pater,
1546 1630 1597 1660 vii.
1618 1634 1691 1663 205.

996 1672 1218 1711 Eurymachus
1228 1672 1411 1702 Leontiadis
1425 1672 1509 1703 filius
1522 1673 1690 1715 interemp-

1038 1721 1097 1750 tus,
1116 1715 1164 1744 vii,
1182 1718 1253 1745 255.

998 1758 1175 1797 Euryphon
1192 1758 1313 1788 Proclis
1324 1757 1416 1794 filius,
1432 1758 1496 1788 viii.
1514 1762 1582 1789 151.

997 1800 1181 1840 Eurypylus
1194 1801 1289 1831 stater
1306 1800 1455 1831 Thoracis
1478 1801 1629 1839 Larissaei‚
1650 1803 1694 1834 ix.

1038 1847 1088 1873 58.

998 1886 1224 1926 Eurysthenes,
1243 1886 1435 1916 Aristodemi
1447 1886 1540 1923 filius,
1556 1888 1606 1918 vii.
1618 1892 1691 1920 204.

999 1928 1207 1969 Eurysthenis
1222 1929 1342 1958 familia
1355 1930 1546 1968 honoratior,
1561 1931 1602 1961 vi.
1617 1936 1668 1963 51.

1003 1972 1218 2011 Eurysthenes
1234 1978 1264 2002 et
1282 1972 1410 2002 Procles
1423 1973 1550 2013 gemini,
1573 1974 1693 2013 Spartae

1042 2024 1140 2055 reges,
1158 2015 1195 2044 iv.
1214 2018 1285 2045 147.
1300 2015 1339 2045 vi.
1354 2019 1405 2046 52.
1420 2016 1584 2046 oraculum
1599 2028 1694 2057 super

1043 2058 1087 2088 eis
1108 2057 1299 2094 consultum,
1320 2058 1395 2089 ibid.
1417 2069 1528 2089 eorum
1543 2059 1695 2091 dissensio

1041 2111 1097 2140 per
1118 2111 1245 2131 omnem
1267 2101 1372 2138 vitam,
1397 2101 1470 2131 ibid.
1493 2102 1574 2132 circa
1587 2113 1640 2133 eos
1662 2110 1694 2135 et

1045 2144 1183 2174 Theram
1197 2144 1392 2175 avunculum
1414 2154 1471 2184 pro
1491 2155 1590 2186 regno
1612 2153 1689 2183 acta,

1041 2186 1080 2215 iv.
1100 2190 1170 2217 147.

1000 2229 1208 2270 Eurystheus,
1226 2230 1266 2259 ix.
1282 2234 1332 2261 26.
1355 2234 1406 2260 27.
1428 2240 1529 2271 genus
1545 2232 1612 2272 ejus
1633 2242 1691 2263 no-

1040 2271 1112 2302 lunt
1126 2272 1260 2303 labefieri
1280 2272 1522 2310 Lacedaemonii,
1538 2285 1566 2304 v.
1585 2279 1634 2306 40.

1000 2315 1144 2354 Eurytus
1166 2322 1197 2345 et
1222 2316 1442 2347 Aristodemus
1457 2318 1497 2347 ob
1518 2324 1692 2349 extremam

1040 2358 1263 2398 lippitudinem
1280 2369 1296 2388 e
1318 2359 1425 2389 castris
1440 2370 1458 2389 a
1485 2360 1628 2391 Leonide
1642 2371 1691 2391 re-

1041 2401 1219 2432 mittuntur.
1238 2401 1289 2431 vii.
1306 2405 1377 2434 229.
1402 2402 1519 2442 Euryti
1547 2403 1645 2434 virtus
1660 2411 1690 2435 et

1039 2444 1193 2480 interitus,
1207 2444 1282 2474 ibid.

1001 2487 1173 2527 Euthynus
1191 2487 1379 2528 Hermolyci
1392 2494 1488 2527 pater,
1505 2488 1548 2519 ix.
1570 2492 1639 2520 105.

1000 2529 1197 2570 Eutychides
1215 2531 1368 2570 Sophanis
1383 2538 1480 2570 pater,
1497 2532 1538 2561 ix.
1555 2534 1604 2563 75.

1000 2572 1169 2603 Euxinum
1184 2583 1275 2603 mare.
1294 2573 1312 2603 i.
1330 2578 1358 2604 6.
1375 2578 1425 2605 72.

1000 2615 1122 2646 Euxini
1135 2618 1222 2655 ponti
1240 2617 1390 2652 nationes,
1407 2617 1446 2646 iv.
1459 2620 1509 2648 47.

1000 2659 1194 2698 Exampaeus
1211 2660 1297 2689 locus
1311 2661 1393 2690 inter
1417 2660 1645 2700 Borysthenem
1660 2667 1691 2692 et

1044 2702 1204 2742 Hypanin.
1221 2702 1260 2732 iv.
1276 2707 1325 2733 52.
1341 2710 1369 2733 ec
1384 2707 1435 2732 81.

1001 2745 1152 2775 Exercitu
1169 2745 1277 2775 donari
1293 2746 1377 2785 apud
1392 2746 1510 2781 Persas,
1527 2745 1687 2781 eximium,

1037 2787 1078 2817 ix.
1097 2791 1164 2818 109.

997 2830 1114 2861 Exitus
1129 2841 1234 2861 rerum
1259 2831 1479 2870 inspiciendus,
1497 2831 1517 2862 i.
1538 2835 1589 2862 52.
1613 2842 1688 2864 cum

1036 2873 1127 2903 initio
1142 2883 1206 2903 non
1222 2880 1268 2904 cst
1282 2874 1474 2910 manifestus,
1491 2874 1542 2905 vii.
1558 2879 1608 2906 51.

264 2917 451 2956 Euphorion
478 2916 638 2956 Laphanis
651 2922 746 2955 pater,
763 2916 817 2958 qui
842 2917 951 2948 Casto·
982 2916 1201 2970 *Experiendo
1216 2917 1297 2948 fiunt
1312 2917 1427 2954 omnia,
1445 2917 1495 2949 vii.
1514 2923 1541 2950 9.
