1836 3156
687 99 925 132 INDEX
1502 110 1522 137 5

89 188 220 229 Agenor
236 186 342 218 Cilicis
358 186 514 218 Phoenicis
527 192 624 226 pater,
645 185 698 217 vii.
717 190 767 218 91.

89 231 177 271 Ager
190 230 287 268 Caici,
302 230 342 260 vi.
357 234 406 260 28.
423 230 630 266 Crestonicus,
644 235 676 260 et
689 229 779 259 Paeo-

128 273 213 311 nius,
243 273 294 303 vii.
324 276 393 303 124.
436 272 626 309 Plataeensis‚
657 272 698 302 ix.
733 274 782 304 15.

132 316 302 356 Carystius,
316 315 357 346 ix.
375 318 444 345 104.

90 358 321 399 Agricolatores
378 357 635 397 contemptissimi

133 402 275 436 Thraces,
298 411 327 431 v.
341 404 371 431 6.

91 444 296 484 Agricultura
311 443 537 483 AEgyptiorum
551 443 695 484 quibusd.
712 443 783 474 nul-

131 487 170 523 la,
187 486 218 517 ii.
236 490 283 516 14.

90 529 259 570 Agesilaus
276 529 419 570 Doryagi
433 529 523 565 filius,
547 529 599 559 vii.
617 532 688 560 204.

90 571 259 612 Agesilaus
276 572 513 611 Hippocratidae
526 571 620 609 filius,
636 571 699 602 viii.
715 574 784 602 151.

90 614 223 655 Agetus,
258 614 378 644 Alcidis
403 614 493 648 filius,
521 614 559 645 vi.
581 618 631 644 61.
653 624 784 644 uxorem

129 667 221 687 suam
249 657 351 687 amico
383 657 523 688 Aristoni
552 656 683 688 collocat
711 656 784 688 dolo

697 357 783 397 apud

130 700 267 736 adactus,
294 700 335 730 vi.
352 704 402 730 62.

90 741 201 783 Agger
209 742 278 773 visu
288 742 437 774 mirabilis
451 753 470 774 a
483 743 605 775 Nitocri
618 748 777 785 aggestus,

131 785 162 815 ii.
180 788 248 817 185.

90 828 200 869 Agger
214 829 398 865 Samiorum,
421 829 464 860 iii.
480 834 531 861 60.

92 871 173 911 Agis
187 872 328 902 Menaris
342 878 438 911 pater,
454 872 493 902 vi.
508 875 560 904 65.

90 913 253 954 Aglauriae
277 915 424 954 Cecropis
443 915 517 945 filiae
538 914 700 955 templum,
724 914 785 946 viii.

89 998 279 1039 Aglomachi
294 1001 387 1031 turris
401 1001 441 1031 iv.
461 1005 529 1032 164.

90 1042 208 1082 Agora,
225 1044 332 1082 oppidi
347 1054 471 1079 nomen,
487 1043 538 1074 vii.
552 1046 603 1074 58.

90 1084 246 1124 Agrianes
260 1086 383 1122 fluvius,
398 1086 438 1116 iv.
448 1091 500 1118 90.

90 1127 245 1167 Agrianes
259 1139 330 1168 pop.
351 1140 380 1159 v.
398 1132 445 1160 16.

91 1170 277 1210 Agyllenses
299 1171 349 1202 vel
373 1171 519 1213 Agyssaei,
542 1172 561 1202 i.
587 1176 658 1204 167.
703 1172 786 1203 mala

130 1213 193 1243 illis
207 1214 346 1244 immissa
363 1221 490 1254 propter
504 1216 691 1249 Phocenses.
712 1216 786 1246 ibid.

91 1255 244 1286 Ahenum
268 1267 306 1287 ex
328 1257 445 1288 aculeis
469 1258 653 1298 sagittarum
667 1258 787 1288 factum

131 1298 165 1328 in
183 1300 316 1339 Scythia,
339 1301 469 1341 ejusque
484 1301 657 1340 descriptio,
682 1301 722 1331 iv.
738 1305 789 1330 81.

73 1375 77 1377 Α
90 1340 243 1372 Ahenum
258 1353 276 1372 a
293 1343 405 1374 Samiis
418 1343 539 1374 factum
553 1344 593 1374 ad
608 1343 789 1383 exemplum

131 1386 256 1415 crateris
274 1386 425 1426 Argolici,
448 1386 488 1416 iv.
506 1389 575 1418 152.

92 1427 176 1467 Ajax
191 1434 280 1467 pater
297 1428 416 1465 Philaei,
440 1429 480 1459 vi.
494 1432 546 1461 55.

92 1470 174 1511 Ajax
198 1471 379 1502 Telamonis
400 1471 442 1502 fil.
464 1481 521 1511 pro
542 1471 634 1502 hero'e
653 1471 785 1507 habitus,

129 1523 160 1543 v.
178 1517 229 1544 66.
243 1515 281 1544 ab
298 1515 443 1545 Homero
457 1515 636 1549 celebratus,
659 1515 688 1544 ii.
706 1518 756 1545 28.
770 1524 789 1544 a

135 1557 320 1588 Graecorum
342 1557 439 1588 classe
460 1557 630 1593 invocatur,
654 1557 716 1589 viii.
738 1560 789 1587 64.

131 1601 171 1629 ab
192 1600 230 1630 iis
244 1600 412 1631 victoribus
431 1600 519 1630 navis
540 1600 580 1630 ad
598 1599 788 1631 Salaminem

131 1642 161 1672 ei
175 1643 319 1682 reposita,
344 1642 393 1674 vii.
413 1646 483 1673 121.

91 1684 275 1716 Aimnestus
292 1686 454 1725 Spartiata,
469 1685 629 1715 Mardonii
644 1685 788 1715 interfec-

131 1734 188 1764 tor,
212 1728 253 1758 ix.
267 1733 318 1759 65.
331 1729 399 1769 ejus
420 1728 564 1760 interitus
578 1738 653 1758 cum
667 1734 786 1758 trecen·

130 1771 170 1801 tis
184 1771 260 1808 aliis,
276 1771 349 1802 ibid.

91 1813 256 1844 Alabanda
269 1816 344 1845 urbs
360 1814 516 1855 Phrygiae,
539 1813 602 1844 viii.
619 1817 688 1845 156.

91 1856 327 1887 Alabandenses
339 1857 373 1887 in
390 1858 491 1892 Caria,
511 1856 563 1886 vii.
581 1860 651 1888 195.

90 1899 163 1930 Alae
178 1900 211 1929 in
224 1900 364 1932 humeris
376 1899 464 1936 vicae,
487 1899 507 1929 i.
522 1903 593 1930 209.

91 1941 197 1973 Alalia
211 1953 230 1972 a
247 1942 488 1973 Phocaeensibus
502 1941 635 1976 condita,
658 1941 678 1971 i.
697 1944 766 1973 165.

92 1984 243 2020 Alarodii‚
266 1985 309 2015 iii.
323 1988 374 2017 94.
395 1995 469 2015 cum
486 1984 594 2014 Xerxe
608 1983 785 2020 militantes,

131 2028 182 2058 vii.
197 2032 247 2060 79.
269 2038 380 2059 eorum
401 2032 558 2058 armatura
579 2032 610 2057 et
624 2026 697 2062 dux,
714 2026 787 2057 ibid.

92 2070 199 2101 Alazir
215 2072 420 2102 Barcaeorum
432 2080 498 2107 rex,
517 2070 557 2100 iv.
575 2073 642 2101 164.
658 2069 724 2110 ejus
739 2070 786 2100 in-

131 2114 249 2150 teritus,
265 2114 340 2144 ibid.

93 2155 257 2193 Alazones,
274 2156 314 2187 iv.
329 2159 376 2188 17.
392 2159 442 2188 52.

93 2199 186 2229 Albae
201 2199 364 2236 columnae,
382 2200 426 2230 sic
437 2199 539 2232 dictus
555 2198 651 2233 locus,
675 2209 706 2229 v.
721 2201 789 2229 118.

92 2242 196 2272 Albus
210 2253 319 2274 murus
335 2242 569 2282 Memphiticus,
589 2241 631 2271 iii.
648 2245 699 2272 91.

92 2284 216 2316 Album
231 2285 315 2321 litus,
337 2287 404 2316 vide
415 2286 448 2314 in
465 2285 573 2315 Leuce
587 2289 664 2314 acte.

93 2327 230 2364 Alcaeus‚
257 2328 405 2358 Herculis
419 2327 510 2364 filius,
534 2328 554 2359 i.
570 2330 598 2358 7.

92 2370 195 2401 Alcaei
208 2370 308 2410 po'etae
321 2370 408 2411 fuga,
430 2381 457 2401 v.
475 2373 523 2402 95.
539 2370 606 2411 ejus
619 2379 706 2400 arma
719 2379 787 2400 sus·

132 2413 310 2453 penderunt
331 2413 366 2443 in
388 2413 482 2453 Sigeo
507 2413 724 2449 Athenienses,
746 2412 787 2442 ib.

91 2455 279 2486 Alcamenes
296 2454 415 2486 Telecli
428 2455 518 2491 filius,
542 2455 592 2486 vii.
608 2459 680 2486 204.

91 2498 220 2529 Alcetes
233 2504 320 2538 pater
337 2499 494 2538 Amyntae,
511 2498 574 2528 viii.
587 2502 639 2530 59.

91 2540 272 2571 Alcibiades
289 2540 401 2572 Cliniae
415 2546 510 2580 pater,
533 2541 596 2572 viii.
613 2542 661 2571 17.

92 2583 221 2614 Alcides
240 2583 335 2624 Ageti
349 2589 442 2623 pater,
460 2584 500 2614 vi.
512 2588 540 2614 6.

88 2626 294 2657 Alcimochus
311 2626 473 2665 Euphorbi
487 2632 581 2665 pater,
601 2626 642 2656 vi.
659 2629 729 2657 101.

92 2668 239 2700 Alcimus
254 2669 410 2699 Mentoris
423 2674 518 2708 pater,
532 2669 562 2698 ii.
578 2672 608 2700 7.

93 2711 225 2743 Alcinor
240 2718 271 2742 et
288 2712 455 2742 Chromius
473 2711 590 2753 Argivi,
607 2712 628 2742 i.
643 2716 693 2742 82.

91 2754 258 2786 Alcmaeon
281 2754 435 2795 Megaclis
456 2753 546 2790 filius,
570 2754 609 2784 vi.
630 2757 699 2785 125.
720 2754 788 2794 ejus

133 2797 274 2828 officium
287 2808 362 2837 erga
379 2797 492 2837 Lydos,
506 2803 538 2827 et
554 2797 650 2828 Croesi
666 2797 698 2826 in
713 2806 788 2827 eum

131 2841 173 2872 ob
193 2840 226 2870 id
247 2839 471 2878 munificentia,
493 2839 566 2870 ibid.
581 2839 739 2880 quomodo
754 2848 787 2869 se

133 2892 210 2916 auro
228 2882 358 2918 ridicule
379 2882 521 2923 onerarit,
546 2882 620 2915 ibid.
640 2883 708 2926 ejus
728 2881 784 2914 do-

867 197 939 218 mus
952 186 1025 217 inde
1042 186 1166 224 divitiae,
1189 188 1262 220 ibid.
1284 189 1345 220 alia
1368 188 1465 221 Croesi
1486 190 1521 221 in

867 230 960 260 illum
975 230 1130 266 beneficia,
1153 231 1227 261 ibid.
1241 233 1338 262 victor
1356 232 1390 262 in
1407 233 1520 273 Olym-

866 272 951 311 picis,
967 273 1007 302 ib.
1022 273 1106 302 idem
1122 274 1274 314 Megaclis
1285 280 1379 314 pater,
1396 276 1435 305 vi.
1452 279 1522 307 127.

828 314 1055 346 Alcmaeonidae
1070 317 1196 346 obnoxii
1217 317 1344 347 crimine
1363 317 1521 356 piaculari,

868 358 889 388 i.
912 362 962 388 61.
983 358 1109 398 profugi
1141 359 1273 390 Athenis
1294 366 1418 399 propter
1442 360 1523 391 Pisi-

866 403 1008 437 stratum,
1031 401 1051 430 i.
1066 405 1116 431 64.
1137 407 1168 431 et
1185 402 1400 439 Pisistratidas,
1425 414 1452 433 v.
1475 408 1524 434 62.

870 443 930 482 ipsi
953 443 1063 474 Persas
1079 443 1113 473 in
1131 444 1339 474 Athenienses
1360 445 1524 475 excitarint

871 495 977 521 necne,
1001 486 1040 516 vi.
1057 490 1125 517 121.
1145 493 1349 526 tyrannorum
1363 494 1395 518 et
1416 494 1521 528 tyran-

871 529 953 558 nidis
966 529 1070 559 hostes
1094 530 1231 565 maximi,
1261 529 1334 560 ibid.
1365 534 1434 561 125.
1460 530 1524 571 cly-

869 581 966 611 peum
991 582 1029 601 ex
1055 572 1226 612 composito
1252 572 1354 603 Persis
1381 574 1524 604 ostende-

870 614 933 644 rint
955 624 1062 650 necne,
1085 615 1125 644 vi.
1143 618 1212 645 115.
1234 619 1305 646 124.
1320 626 1429 646 eorum
1443 615 1521 652 laus,

868 658 908 687 vi.
929 660 997 687 125.
1018 667 1074 696 per
1092 657 1248 688 Graeciam
1268 659 1428 699 quomodo
1444 658 1510 690 cele

869 701 938 730 bres
952 699 1033 735 facti,
1049 699 1089 730 vi.
1106 702 1176 731 125.
1194 704 1264 731 126.

829 741 1069 778 Alcmaeonides
1086 753 1113 773 v.
1129 746 1180 773 62.
1201 749 1233 773 et
1247 747 1299 775 66.
1314 744 1353 774 vi.
1371 747 1439 776 125.

831 785 985 816 Alcmena
996 792 1095 816 mater
1102 785 1266 822 Herculis,
1284 786 1315 815 ii.
1331 790 1381 817 45.
1399 789 1469 818 145.

832 828 936 859 Alcon
959 828 1119 859 Molossus
1140 839 1158 858 e
1178 828 1280 868 procis
1296 829 1459 870 Agaristae‚
1483 829 1523 860 vi.

874 875 944 903 127.

830 914 920 945 Aleae
935 914 1029 945 ludus
1044 924 1062 946 a
1078 913 1177 954 Lydis
1190 914 1343 950 inventus,
1366 915 1386 945 i.
1401 918 1451 946 94.

830 957 921 988 Aleae
943 958 1032 988 lusus
1056 957 1176 988 Cereris
1196 963 1227 988 et
1252 956 1471 997 Rhampsiniti,
1493 957 1524 988 ii.

831 1043 921 1074 Aleae
946 1043 1098 1074 Minervae
1118 1042 1281 1082 templum,
1304 1043 1324 1074 i.
1346 1047 1398 1075 66.
1419 1043 1462 1073 ix.
1476 1047 1527 1075 69.

833 1087 944 1117 Aleius
961 1097 1090 1126 campus
1108 1086 1236 1121 Ciliciae,
1253 1087 1292 1116 vi.
1307 1089 1357 1118 95.

833 1129 947 1159 Aleuae
962 1129 1026 1165 filii,
1043 1129 1093 1159 vii.
1111 1132 1180 1159 150.
1195 1130 1238 1158 ix.
1252 1132 1303 1160 57.

830 1172 985 1202 Aleuadae
1001 1171 1168 1202 Thessaliae
1182 1181 1278 1212 reges,
1302 1171 1353 1202 vii.
1366 1176 1395 1202 6.
1417 1181 1527 1202 eorum

872 1215 980 1245 nuncii
997 1214 1037 1244 ad
1054 1215 1195 1244 Xerxem
1216 1214 1301 1244 missi
1315 1220 1353 1244 ut
1366 1219 1528 1244 succurrat

872 1265 979 1288 contra
1007 1257 1143 1292 Graecos,
1165 1257 1205 1287 ib.
1230 1256 1385 1288 Thessalis
1412 1256 1525 1292 invitis,

874 1301 925 1330 vii.
944 1303 1013 1331 172.

834 1342 1022 1378 Alexander,
1048 1342 1165 1372 Priami
1182 1341 1274 1378 filius,
1297 1342 1317 1373 i.
1337 1346 1368 1373 5.
1391 1342 1527 1372 Helenae

873 1391 985 1425 raptor,
1012 1385 1032 1415 i.
1045 1389 1075 1416 5.
1090 1385 1120 1415 ii.
1140 1389 1150 1414 1
1163 1389 1206 1415 15.
1229 1385 1295 1425 ejus
1309 1395 1383 1415 cum
1399 1385 1527 1415 Helena

873 1429 907 1458 in
925 1429 1102 1469 AEgyptum
1117 1428 1275 1462 adventus,
1292 1434 1349 1458 etc.
1367 1427 1399 1457 ii.
1413 1431 1462 1458 15.
1481 1431 1528 1458 14.

873 1478 927 1502 etc.
944 1481 981 1502 ex
1000 1472 1108 1510 Sparta
1129 1471 1234 1502 triduo
1259 1469 1355 1501 Ilium
1378 1470 1528 1510 pervenit,

872 1514 905 1544 ii.
926 1517 996 1546 117.

835 1556 1015 1588 Alexander
1044 1556 1187 1592 Macedo,
1215 1556 1363 1597 Amyntae
1387 1556 1477 1592 filius,
1501 1566 1529 1586 v.

877 1604 924 1632 19.
940 1600 990 1630 vii.
1009 1602 1076 1631 175.
1092 1599 1154 1630 viii.
1176 1603 1242 1632 159.
1258 1600 1326 1640 ejus
1339 1609 1447 1640 genus,
1468 1599 1531 1629 viii.

878 1646 948 1675 159.
973 1648 1095 1673 vetusta
1118 1642 1237 1683 origine
1261 1643 1398 1678 Graecus,
1422 1653 1451 1672 v.
1476 1646 1528 1672 22.

875 1686 916 1715 ix.
945 1690 996 1716 44.
1028 1686 1195 1715 Persarum
1219 1684 1405 1715 insolentem
1427 1684 1529 1715 libidi-

875 1738 950 1758 nem
977 1728 1011 1757 iri.
1039 1728 1180 1758 convivio
1207 1727 1375 1763 ulciscitur,
1414 1738 1440 1757 V.
1477 1731 1528 1758 20.

876 1771 945 1811 ejus
972 1770 1138 1810 prudentia
1165 1781 1192 1799 v.
1224 1774 1274 1800 21.
1316 1770 1350 1799 in
1381 1769 1530 1810 Olympia

875 1823 982 1844 cursor
996 1813 1096 1853 primo
1110 1812 1281 1852 proximus,
1303 1823 1332 1842 v.
1347 1816 1397 1842 22.
1422 1813 1529 1843 Mace-

875 1856 996 1887 donum
1026 1855 1166 1895 tyrannis
1195 1855 1353 1896 quomodo
1385 1855 1424 1885 ad
1454 1866 1527 1886 eum

873 1899 1020 1938 pervenit,
1042 1897 1105 1928 viii.
1124 1900 1192 1929 157.
1238 1898 1445 1928 Athenienses
1455 1899 1526 1928 hor-

873 1947 958 1971 tatur
971 1941 1012 1971 ad
1025 1940 1245 1980 paciscendum
1259 1950 1333 1970 cum
1349 1940 1525 1977 Mardonio,

873 1984 937 2014 viii.
970 1988 1039 2014 140.
1096 1983 1340 2014 Atheniensibus
1369 1983 1529 2014 Mardonii

874 2036 1002 2057 causam
1022 2024 1136 2065 prodit.
1150 2026 1192 2056 ix.
1208 2029 1258 2056 45.
1279 2029 1330 2055 44.
1345 2036 1440 2056 aurea
1461 2026 1529 2067 ejus

874 2070 960 2109 apud
978 2068 1120 2109 Delphos
1135 2074 1246 2103 statua,
1261 2067 1323 2098 viii.
1341 2071 1409 2099 121.

834 2111 944 2150 Alilat,
961 2112 1070 2143 eadem
1086 2110 1243 2141 Arabibus
1256 2121 1328 2152 quae
1343 2110 1471 2148 Urania,
1487 2112 1532 2142 iii.

835 2197 946 2234 Alitta,
972 2197 1083 2228 Venus
1098 2196 1180 2227 dicta
1194 2197 1233 2227 ab
1249 2196 1383 2232 Arabiis,
1398 2195 1418 2227 i.
1436 2200 1505 2228 151.

835 2240 984 2271 Alizones
997 2251 1069 2280 pop.
1083 2240 1122 2271 iv.
1135 2243 1186 2271 52.

836 2283 964 2315 Allesus
987 2283 1107 2314 Sidonii
1131 2282 1339 2313 Tetramnesti
1359 2288 1455 2323 pater,
1479 2282 1529 2314 vii.

835 2368 1006 2400 Alluvione
1040 2368 1180 2400 fluminis
1221 2378 1312 2408 agros
1353 2367 1529 2399 decurtatos

873 2417 1052 2451 compensat
1082 2411 1213 2451 AEgypti
1238 2421 1300 2446 rex,
1325 2410 1354 2441 ii.
1382 2415 1450 2443 109.
1493 2411 1527 2440 in

875 2454 1023 2494 Alopecis
1041 2454 1155 2485 Atticae
1177 2455 1306 2485 bustum
1323 2453 1525 2489 Anchimolii,

874 2508 902 2527 v.
915 2502 968 2528 65.

833 2539 952 2579 Alpeni
965 2539 1062 2577 vicus,
1079 2538 1130 2569 vii.
1147 2541 1216 2570 176.
1234 2541 1305 2571 177.
1321 2542 1393 2572 229.

833 2582 979 2623 Alpenus
992 2581 1152 2622 oppidum,
1168 2581 1220 2612 vii.
1235 2585 1307 2613 216.

831 2625 974 2665 Alpheus
1002 2630 1033 2655 et
1063 2625 1178 2654 Maron
1209 2624 1399 2664 Orsiphanto
1419 2624 1524 2665 geniti,

870 2668 921 2698 vii.
935 2670 1008 2699 227.
1028 2677 1138 2698 eorum
1157 2666 1254 2698 virtus
1269 2667 1309 2698 ad
1332 2667 1526 2709 Thermopy.

872 2710 918 2741 las
931 2710 1004 2741 ibid.

833 2753 924 2793 Alpis
938 2753 1059 2789 fluvius,
1081 2753 1122 2783 iv.
1142 2756 1194 2784 49.

833 2796 923 2832 Alus‚
938 2798 1011 2827 urbs
1029 2795 1165 2831 Achaiae,
1188 2795 1238 2826 vii.
1256 2797 1323 2827 175.
1343 2798 1412 2827 197.

832 2839 982 2880 Alyattes,
1009 2839 1164 2878 Sadyattae
1192 2848 1348 2869 successor
1369 2838 1402 2868 in
1426 2847 1525 2878 regno

873 2881 992 2924 Lydiae,
1009 2882 1028 2913 i.
1045 2885 1094 2914 16.
1105 2881 1172 2924 ejus
1185 2887 1253 2916 acta
1263 2886 1438 2914 memoratu
1452 2880 1521 2922 dig-
