1836 3156
122 299 190 341 puli
204 300 289 330 hunc

122 350 258 374 tractum
274 352 324 372 ac-

124 387 273 417 colentes:

126 429 214 464 Paeti,
234 428 287 459 Ci-

124 482 224 506 cones,
244 470 317 502 Bis-

126 521 224 549 tones,
244 515 299 544 Sa-

126 557 196 597 paei,
216 557 298 587 Der-

126 600 189 635 saei‚
209 598 325 634 Edoni,

126 643 233 673 Satrae.

128 706 192 737 Soli
212 706 308 737 Satrae

127 760 183 780 cur
196 749 288 779 liber-

125 798 223 822 tatem
238 799 269 822 et

124 841 201 866 tunc
216 841 248 865 et

123 877 199 908 alias
214 888 295 908 sem-

124 931 180 960 per
193 921 313 951 retinu-

124 964 212 994 erint.
241 964 323 995 Bac·

125 1006 175 1037 chi
189 1006 275 1046 apud

125 1059 178 1080 eos
193 1059 302 1080 oracu-

126 1092 204 1128 lum,
220 1093 312 1133 cujus

124 1135 284 1174 prophetae

127 1177 228 1209 Bessi.

131 1369 267 1401 Castella

131 1413 271 1443 Pierum.

128 1456 226 1486 Mons
244 1455 328 1486 Pan-

127 1508 223 1539 gaeuS,
247 1498 328 1538 ejus-

126 1551 190 1582 que
204 1540 315 1570 metal-

126 1583 166 1619 la,
183 1583 307 1623 propria

129 1626 269 1661 Pierum,

131 1669 327 1700 Odomanto-

127 1722 199 1742 rum
222 1718 253 1742 et
275 1712 329 1741 Sa-

129 1762 257 1785 trarum.

129 1918 272 1948 Paeones.

131 1962 283 1992 Doberes.

134 2003 282 2043 Paeoplae.

133 2047 281 2086 Strymon

131 2089 253 2125 fluvius,
270 2088 310 2119 ad

131 2142 269 2172 eumque

130 2176 189 2206 sita
206 2175 301 2205 E'1'on.

134 2217 236 2258 Regio
248 2217 332 2248 Pan-

130 2271 198 2301 gaeo
210 2266 331 2291 conter-

130 2304 216 2333 mina
232 2303 330 2344 Phyl-

131 2346 168 2376 lis
183 2346 274 2376 dicta.

132 2389 219 2428 Equi
235 2399 308 2419 can-

132 2431 197 2462 didi
213 2432 301 2472 Stry-

131 2484 218 2504 mom
233 2485 251 2504 a

131 2517 231 2557 magis
246 2517 304 2547 im-

130 2559 247 2591 molati.

133 2689 246 2719 Ennea
257 2688 330 2719 Ho-

130 2732 182 2762 doi
199 2731 328 2762 Edono-

127 2785 209 2805 rum.
254 2775 303 2806 Ibi

349 166 441 212 170
772 156 1261 207 HERODOTI

347 291 442 344 έετο,
466 288 626 336 τοσάδε·
663 290 833 346 Παῖτοι,
879 288 1057 345 Κίκονες,
1100 288 1301 343 Βίστονες,
1343 286 1542 342 Σαπαῖοι,
1586 287 1690 351 Δερ-

347 373 465 422 σαῖοι,
500 365 688 422 Ἠδωνοὶ,
726 366 903 431 Σάτραι.
940 366 1106 414 τουτέων
1142 367 1182 412 οἱ
1209 365 1280 428 μὲν
1315 364 1432 429 παροὶ
1465 365 1690 411 θάλασσαν

347 443 630 505 κατοικημένοι
654 444 689 490 ἐν
712 446 804 506 τῇσι
841 442 948 498 νηυσὶ
971 444 1140 490 εἵποντω
1177 444 1217 488 οἱ
1235 441 1275 489 δὲ
1300 442 1448 489 αὐτέων
1471 440 1539 495 την
1572 439 1693 503 μεσό-

349 539 475 581 γαιαν
499 519 700 575 οἰκέοντες,
726 519 1061 580 καταλεχθέντες
1082 538 1126 565 τε
1146 517 1216 564 ὑπ’
1240 519 1349 580 ἐμεῦ,
1368 517 1472 572 πλὴν
1493 516 1689 581 Σατρέων,

350 597 390 643 οἱ
407 596 529 643 οἵλλοι
553 596 713 651 πάντες,
739 595 846 659 πεζῇ
869 594 1199 658 ἀναγκαζόμενοι
1225 594 1393 641 εἵποντο.

416 689 516 720 cxl.
588 672 749 737 Σάτραι
773 672 812 719 δὲ
837 672 988 725 οὐδενός
1009 692 1067 718 κω
1082 672 1299 735 ἀνθρώπων
1318 670 1486 725 ὑπήκοοι
1505 670 1693 730 ἐγένοντο,

349 747 434 795 ὅσον
456 750 567 812 ἡμεῖς
589 748 714 811 ἰ’δμεν,
739 746 856 795 ἀλλοὶ
881 749 1111 795 διατελεῦσι
1135 746 1182 794 τό
1203 747 1324 811 μέχρι
1349 748 1445 810 ἐμεῦ
1470 746 1549 794 αιέἳ
1571 746 1695 800 ἐόντες

347 824 558 888 ἐλεύθεροι,
582 829 719 887 μοῦνοι
745 823 942 887 Θρηίκων.
977 823 1154 870 οἰκέουσί
1183 842 1227 870 τε
1264 822 1346 887 γοὶρ
1382 822 1496 887 οὔρεα
1531 820 1712 888 ὑψηλοὶ,

347 901 455 964 ἰδησί
473 920 515 948 τε
540 919 749 963 παντοιησι
783 920 857 946 και
891 901 1026 959 νιφάσι
1055 899 1279 963 συνηρεφέα,
1303 919 1377 946 και
1402 898 1473 947 εἰσι
1495 918 1554 946 τα
1577 898 1696 945 πολέ-

347 998 429 1042 μια
452 978 578 1042 α’κροι.
614 975 723 1025 οὗτοι
747 977 786 1024 οι“
805 981 880 1024 τοῦ
905 976 1105 1023 Διονῖισου
1129 996 1176 1023 το
1198 976 1390 1040 μαντηιόν
1425 978 1496 1024 εἰσι
1531 975 1698 1038 ἐκτημέ-

349 1075 413 1102 νοι.
449 1075 497 1102 το
522 1054 561 1102 δὲ
583 1055 774 1116 μαντηίου
798 1058 934 1110 τοῦτο,
963 1053 1047 1100 ἐ’στι
1070 1072 1142 1116 μεν
1167 1053 1234 1100 ἐπι
1256 1058 1330 1100 τῶν
1369 1053 1504 1117 οὐρέων
1541 1057 1615 1099 τῶν
1655 1052 1698 1099 ὑ-

350 1132 612 1191 ψηλοτάτων·
680 1130 833 1185 Βησσοι
855 1129 895 1178 δὲ
919 1134 992 1177 τῶν
1018 1129 1201 1192 Σατρέων
1225 1129 1297 1176 εἰσι
1331 1148 1366 1176 οι
1391 1128 1698 1192 προφητεύοντες

349 1214 424 1256 τοῦ
448 1211 542 1272 ἱροῦ,
567 1207 792 1271 πρόμαντις
815 1206 855 1254 δὲ
879 1208 901 1261 ἦ
923 1205 1112 1270 χρέουσα,
1137 1207 1255 1253 κατά
1293 1224 1364 1269 περ
1404 1207 1439 1252 ἐν
1481 1206 1696 1264 Δελφοῖσι,

349 1285 425 1332 καὶ
448 1285 554 1332 οὐδὲν
577 1285 871 1347 ποικιλώτερον.

417 1377 539 1408 CXII.
610 1361 1000 1424 Παραμειψάμενος
1024 1358 1064 1406 δὲ
1091 1358 1112 1405 o‘
1130 1359 1280 1424 Ξέρξης
1297 1360 1365 1414 τὴν
1384 1360 1587 1424 εἰρημένην,
1614 1359 1699 1406 δεύ-

350 1457 445 1502 τερα
468 1438 636 1485 τουτέων
660 1434 943 1501 παραμείζετο
976 1436 1119 1496 τείχεα
1158 1434 1216 1482 τοὶ
1255 1436 1417 1500 Πιέρων·
1454 1441 1528 1483 τῶν
1551 1435 1627 1484 καὶ
1650 1435 1701 1483 ἑνὶ

353 1516 527 1579 Φάγρης
551 1513 636 1562 ἐστὶ
659 1513 825 1576 οὔνομα,
849 1512 925 1559 καὶ
949 1513 1061 1576 ἑτέρῳ
1099 1512 1338 1577 Πέργαμος.
1376 1512 1510 1576 ταύτῃ
1542 1512 1616 1576 μὲν
1655 1510 1701 1567 δὴ

351 1590 446 1655 παρ’
473 1590 587 1638 αὐτοὶ
610 1589 667 1638 τοὶ
702 1591 845 1651 τείχεα
872 1589 941 1644 την
977 1588 1060 1637 ὁδόν
1085 1590 1273 1646 ἐποιέετο,
1300 1591 1345 1636 ἐκ
1373 1589 1496 1645 δεξιῆς
1518 1588 1631 1654 χερός
1652 1589 1701 1636 τὸ

356 1669 583 1728 Πάγγαιον
608 1666 715 1730 οὖρος
739 1667 938 1731 ἀπέργων,
965 1666 1021 1714 έόν
1043 1666 1160 1729 μέγα
1195 1684 1237 1713 τε
1271 1666 1346 1713 καὶ
1381 1666 1556 1726 ὑψηλόν·
1583 1668 1617 1713 έν
1643 1669 1701 1729 τῷ

353 1745 507 1808 χρύσεά
529 1763 571 1792 τε
594 1743 670 1790 καὶ
692 1745 867 1808 ἀργύρεα
892 1744 941 1791 ἐ’νι
963 1743 1175 1807 μέταλλα·
1209 1742 1266 1790 τοὶ
1286 1745 1469 1807 νέμονται
1495 1743 1634 1807 Πίερές
1655 1761 1699 1790 τε

354 1820 429 1868 καὶ
451 1821 725 1884 Ὀδόμαντοι,
748 1820 824 1868 καὶ
845 1822 1039 1883 μάλιστα
1065 1819 1241 1884 Σάτραι.

423 1914 560 1945 CXIII.
626 1897 964 1961 “Υπεροικέοντας
1001 1897 1039 1944 δὲ
1084 1896 1133 1944 τὸ
1175 1898 1402 1957 Πάγγαιον
1443 1896 1539 1960 πρός
1578 1896 1702 1960 βορέω

357 1976 505 2037 ἀνέμου
531 1975 728 2031 Παίονας,
756 1973 950 2039 Δόὲηράς
971 1993 1015 2022 τε
1037 1973 1113 2021 καὶ
1143 1974 1373 2028 Παιόπλας
1407 1973 1610 2038 παρεξιὼν,
1642 1974 1702 2027 ἤϊε

357 2051 453 2115 πρὸς
476 2051 647 2115 ἑσπέρην·
685 2053 722 2104 ἐς
745 2051 765 2097 ὃ
787 2052 962 2099 ἀπίκετο
987 2050 1053 2099 ἐπὶ
1077 2051 1267 2114 ποταμόν
1303 2070 1346 2098 τε
1387 2050 1604 2115 Στρυμόνα
1626 2049 1703 2098 καὶ

357 2128 474 2175 πόλιν
494 2126 665 2185 Ἠϊόνα,
689 2131 759 2182 τῆς
782 2128 839 2174 ἔτι
864 2127 964 2190 ζωὸς
987 2127 1052 2175 ἐῶν
1085 2127 1180 2192 ἦρχε
1206 2127 1358 2188 Βόγης,
1385 2131 1459 2174 τοῦ
1482 2146 1553 2191 περ
1577 2127 1703 2189 ὀλίγῳ

358 2205 538 2269 πρότερον
571 2205 721 2252 τουτων
760 2204 881 2264 λόγον
922 2204 1155 2268 ἐποιεύμην..
1181 2206 1204 2259 ἦ
1229 2203 1267 2251 δὲ
1292 2208 1348 2264 γῆ
1369 2204 1475 2258 αὕτη
1499 2206 1522 2259 ἦ
1547 2202 1633 2268 περὶ
1655 2202 1704 2250 τό

359 2284 586 2343 Πάγγαιον
626 2282 722 2346 ὅρος,
764 2281 961 2328 καλέεται
987 2281 1165 2334 Φυλλίς·
1198 2281 1518 2339 κατατείνουσα,
1541 2278 1600 2328 τοὶ
1629 2278 1702 2343 μὲν

357 2358 453 2423 πρός
493 2359 664 2423 ἑσπέρην,
708 2358 774 2405 ἐπὶ
815 2357 1003 2421 ποταμὸν
1041 2358 1269 2419 Ἀγγίτην,
1314 2357 1522 2405 ἐκδιδόντα
1559 2359 1596 2411 ἐς
1635 2356 1701 2404 τὸν

359 2435 592 2500 Στρυμόνα·
629 2433 687 2482 τοὶ
711 2435 749 2482 δὲ
785 2434 881 2499 πρὸς
902 2434 1169 2499 μεσαμὲρίην,
1205 2436 1386 2483 τείνουσα
1416 2436 1454 2489 ές
1481 2433 1604 2482 αὐτόν
1635 2432 1702 2480 τᾶν

359 2512 590 2576 Στρυμόνα,
607 2514 643 2566 ἐς
660 2510 726 2560 τὸν
745 2514 785 2559 οἱ
814 2513 965 2573 Μάγοι
990 2512 1279 2577 ἐκαλλιρέοντο,
1305 2511 1527 2574 σφάζοντες
1550 2512 1702 2563 ἵππους

356 2589 534 2642 λευκούς.

424 2680 549 2712 CXIV.
619 2665 1004 2756 Φαρμακευσαντες
1023 2664 1062 2712 δὲ
1086 2669 1228 2712 ταῦτα
1252 2666 1290 2717 ἐς
1312 2663 1377 2711 τδν
1401 2662 1605 2726 ποταμδν,
1624 2662 1699 2709 καὶ

369 2740 387 2756 ΙΙ
1428 2743 1450 2752 a.

356 2749 473 2788 αλλα
497 2739 639 2787 πολλα
659 2759 754 2804 προς
777 2760 968 2797 τουτοισι,
993 2742 1028 2788 ἐν
1050 2739 1191 2788 Ἐννέα
1213 2741 1374 2788 (Οδοῖσι
1399 2759 1490 2804 τησι
1514 2739 1700 2786 Ἠδωνῶν

1010 2820 1026 2835 Ξ

1006 2835 1024 2848 d

1757 2209 1787 2247 ἐι

1730 2593 1788 2632 10
