1836 3156
499 178 965 230 CALLIOPE
1012 177 1103 226 IX.
1377 186 1470 225 303

130 322 160 345 “
182 313 279 363 κατ’
305 313 503 366 οὕστινας.
529 313 664 367 πάντη
686 310 769 375 γοὶρ
791 310 1049 373 τεταγμένοι,
1073 308 1350 373 πειρησόμεθα
1375 308 1470 356 εἶναι

133 400 164 421 “
186 391 366 457 χρηστοί.
393 390 601 450 ἐξηγέεσθε
627 389 666 436 δὲ
688 391 739 443 ὦς
761 387 1040 451 πεισομένων.”

194 484 367 516 XXVIII.
438 469 503 514 Οἱ
520 466 590 530 μὲν
612 471 754 513 ταῦτα
777 463 1004 528 ἀμείὲοντο.
1075 462 1407 525 Λακεδαιμονίων
1431 460 1470 508 δὲ
1499 470 1598 501 Read
1609 471 1702 511 Spar-

128 545 295 594 ἀνέὲωσε
331 545 446 592 ἅπαν
481 545 529 591 τό
569 543 837 608 στρατόπεδον
876 541 1134 596 Ἀθηναίους
1167 539 1472 604 ἀξιονικοτέρους
1494 519 1656 588 Ξὲῗιῖιῗιζπ

125 624 221 671 εἶναι
256 622 358 683 ἔχειν
397 621 445 668 τό
484 621 602 684 κέρας
641 620 736 684 ἥπερ
773 618 1009 683 Ἀρκάδας.
1045 618 1149 665 οὕτω
1195 618 1240 672 δὴ
1286 617 1401 677 ἔσχον
1433 618 1477 663 οἱ
1494 600 1698 684 {Z'jtcssa’cfff‘

127 698 363 754 Ἀθηναῖοι,
387 697 463 744 καὶ
487 695 776 762 ὑπερεέάλοντο
799 695 894 749 τούς
918 695 1143 756 Τεγεήτας.
1494 686 1678 771 ᾗξὲζξυςῗό

72 783 102 823 5
195 773 325 821 Mero}
349 773 388 821 δὲ
413 778 567 830 ταῦτα,
606 775 820 821 ἐτάσσοντο
843 770 914 819 ὦδε
938 774 978 819 οἱ
1008 770 1284 831 ἐπιφοιτῶντές
1319 789 1362 817 τε
1396 770 1471 817 καὶ
1494 773 1611 847 ζέῐῗῖἑ
1623 774 1698 846 inA-

127 855 168 900 οἱ
185 852 310 916 ἀρχὴν
334 852 519 905 ἐλθόντες
541 853 754 906 Ἑλλῆνων.
788 850 837 898 τὸ
858 850 929 913 μὲν
964 848 1081 906 δεξιόν
1103 849 1222 913 κέρας
1245 848 1349 908 εἶχον
1376 850 1469 894 Λα·
1494 838 1636 889 ιὴεηίειῖ-

122 929 379 992 κεδαιμονίων
398 929 542 992 μύριοι·
566 929 734 976 τουτέων
753 927 792 975 δὲ
816 926 912 980 τούς
935 925 1307 986 πεντακισχιλίους,
1336 923 1472 977 ἐόντας
1495 903 1658 975 Ἇιζῖἓιῑῇἓζ

126 1007 409 1069 Σπαρτιῇτας,
443 1005 668 1064 ἐφύλασσον
691 1003 814 1064 ’ψιλοὶ
837 1009 911 1050 τῶν
934 1003 1119 1050 εἱλωτέων
1143 1001 1471 1063 πεντακισχίλιοι
1497 987 1540 1030 [8’
1565 988 1631 1029 79’]

123 1081 199 1129 καὶ
221 1081 454 1145 τρισμύριοι,
482 1080 569 1145 περὶ
591 1081 716 1145 ἄνδρα
740 1080 910 1127 ἕκαστον
935 1077 1045 1127 ἑπτοὶ
1067 1078 1326 1142 τεταγμένοι.
1352 1096 1473 1142 προσ-

41 1167 100 1205 10
123 1158 242 1219 εχέας
260 1157 299 1204 δέ
323 1170 394 1217 σφι
420 1157 572 1206 εἵλοντο
596 1158 761 1205 ἑστάναι
786 1159 826 1204 οἱ
841 1157 1103 1220 Σπαρτιῆται
1121 1156 1216 1209 τούς
1240 1156 1470 1216 Τεγεήτας,

124 1234 202 1281 καὶ
223 1238 346 1297 τιμῆς
381 1236 508 1282 εἵνεκα
541 1234 617 1282 καὶ
651 1236 807 1299 ἀρετῆς.
843 1234 1011 1281 τουτέων
1035 1234 1067 1280 δ’
1096 1234 1190 1280 ἐ’σαν
1215 1233 1384 1280 ὁπλῖται
1407 1233 1474 1293 χί-

124 1321 203 1358 λιοι
225 1311 301 1357 καὶ
334 1311 597 1366 πέντηκόσιοι.
633 1310 746 1375 μετοὶ
777 1311 817 1358 δὲ
851 1311 1020 1364 τούτους
1054 1312 1219 1358 ἵσταντο
1258 1310 1474 1374 Κορινθίων

124 1388 454 1448 πεντακισχίλοι·
491 1387 608 1453 παρὰ
644 1389 683 1436 δέ
708 1401 778 1448 σφι
804 1388 955 1453 εὕροντο
991 1386 1107 1452 παροὶ
1144 1386 1389 1434 Παυσανίεω
1414 1387 1474 1433 ἑσ-

125 1465 247 1512 τάναι
273 1465 570 1519 Ποτιδαιητέων
593 1470 668 1512 τῶν
691 1466 736 1511 ἐκ
763 1466 985 1518 Παλλήνης
1007 1463 1101 1516 τούς
1123 1462 1347 1527 παρεόντας
1369 1481 1475 1527 τριη-

44 1549 100 1588 15
123 1542 293 1595 κοσιόυς.
328 1543 497 1588 τουτέων
522 1541 560 1589 δὲ
586 1541 765 1604 ἐχόμενοι
790 1541 956 1588 ἵσταντο
979 1539 1188 1604 Ἀρκάδες
1210 1539 1474 1603 Ὀρχομένιοι

126 1618 340 1673 ἑξακόσιοι·
377 1618 545 1665 τουτέων
569 1617 623 1674 δὲ,
650 1617 857 1665 Σικυώνιοι
880 1616 1116 1681 τρισχίλιοι.
1152 1616 1318 1664 τουτέων
1360 1616 1400 1663 δὲ
1424 1620 1473 1663 22¹-

125 1713 246 1754 χοντο
271 1694 542 1758 Ἐπιδαυρίων
561 1693 809 1741 ὀκτακόσιοι.
834 1692 950 1758 παροὶ
975 1693 1014 1740 δὲ
1029 1693 1210 1748 τούτους,
1237 1693 1473 1757 Τροιζηνίων

123 1771 338 1817 ἐτάσσοντο
373 1771 524 1831 χίλιοι·
563 1771 802 1835 Τροιζηνίων
827 1770 866 1818 δὲ
891 1770 1086 1834 ἐχόμενοι,
1116 1771 1369 1834 Λεπρεητέων
1393 1770 1473 1824 διη·

120 1847 263 1894 κόσιοι·
299 1848 466 1895 τουτέων
502 1847 556 1904 δὲ,
595 1848 841 1903 Μυκηναίων
865 1846 940 1895 καὶ
965 1848 1186 1912 Τιρυνθίων
1210 1846 1473 1911 τετρακόσιοι·

35 1931 98 1970 20
119 1923 288 1971 τουτέων
312 1922 351 1970 δὲ
387 1923 580 1987 ἐχόμενοι,
618 1925 817 1972 Φλιάσιοι
858 1924 1005 1985 χίλιοι.
1042 1922 1158 1988 παροὶ
1182 1922 1222 1970 δὲ
1246 1924 1414 1977 τούτους
1437 1923 1472 1970 ἕ·

125 2018 288 2048 στασαν
311 2001 534 2064 Ἑρμιονέες
557 2001 784 2066 τριηκόσιοι.
825 2001 1056 2065 Ἑρμιονέων
1075 2000 1115 2048 δὲ
1133 2001 1313 2064 ἐχόμενοι
1336 2001 1471 2048 ἵσταν-

125 2096 172 2125 το
205 2076 430 2142 Ἐρετριέων
453 2097 497 2125 τε
520 2077 596 2125 καὶ
633 2078 809 2143 Στυρέων
833 2078 1044 2134 ἑξακόσιοι·
1077 2079 1245 2126 τουτέων
1286 2078 1326 2126 δὲ
1352 2080 1472 2126 Χαλ-

121 2154 247 2208 κιδέες
270 2155 536 2218 τετρακόσιοι·
562 2156 730 2204 τουτέων
754 2155 808 2213 δὲ,
831 2156 1181 2220 Ἀμπρακιητέων
1204 2156 1469 2211 πέντηκόσιοι.

121 2229 234 2295 μετοὶ
259 2229 300 2278 δὲ
332 2231 514 2288 τούτους,
542 2232 779 2280 Λευκαδίων
813 2231 888 2279 καὶ
920 2233 1198 2296 Ἀνακτορίων
1236 2230 1470 2280 ὀκτακόσιοι

36 2315 96 2355 ‘25
122 2307 312 2354 ἕστασαν·
347 2308 515 2355 τουτέων
539 2309 579 2356 δὲ
610 2309 805 2372 ἐχόμενοι,
839 2308 1002 2362 Παλέες
1036 2310 1076 2355 οἱ
1107 2310 1152 2356 ἐκ
1191 2309 1472 2369 Κεφαλληνίης

123 2384 322 2439 διηκόσιοι.
345 2384 457 2448 μετοὶ
499 2386 540 2434 δὲ
576 2388 758 2444 τούτους,
785 2387 1029 2448 Αἰγινητέων
1054 2387 1302 2443 πεντηκόσιοι
1342 2389 1468 2449 ἐτάχ-

122 2463 273 2516 θησαν.
320 2462 437 2526 παροὶ
479 2463 518 2510 δὲ
564 2465 734 2518 τούτους
779 2466 994 2512 ἐτάσσοντο
1042 2466 1264 2530 Μεγαρέων
1313 2466 1469 2529 τρισχί-

121 2547 216 2586 λιοι.
253 2543 404 2599 εἴχοντο
446 2539 486 2587 δὲ
522 2542 705 2598 τουτέων,
733 2541 970 2596 Πλαταιέες
993 2542 1206 2598 ἑξακόσιοι.
1243 2547 1466 2589 τελευταῖοι

123 2615 164 2663 δὲ
186 2615 261 2662 καὶ
285 2621 431 2680 πρῶτοι
466 2616 686 2673 Ἀθηναῖοι
710 2620 938 2675 ἐτάσσοντο,
962 2620 1081 2684 κέρας
1104 2619 1260 2680 ἔχοντες
1293 2617 1341 2665 τὸ
1374 2619 1466 2665 εὐώ-

36 2699 98 2739 30
119 2711 253 2755 νυμον,
281 2693 612 2756 ὀκτακισχίλιοι·
648 2696 887 2760 ἐστρατῆγεε
913 2694 945 2742 δ’
972 2696 1121 2744 αὐτέων
1154 2695 1412 2759 Ἀριστείδης
1447 2694 1469 2740 ὁ

129 2770 398 2831 Λυσιμάχου.
943 2787 945 2789 ’
