1836 3156
99 1139 266 1177 Spartano-

96 1190 169 1210 rum
184 1179 277 1219 tergi-

96 1222 239 1252 versatio-

99 1265 189 1301 Quid
208 1265 277 1294 He·

95 1308 207 1338 rodoto
221 1307 261 1337 de

98 1361 134 1382 ea
148 1350 300 1382 videatur.

106 2059 272 2093 Admoniti
287 2069 305 2089 a

105 2104 216 2136 Chileo
232 2114 263 2134 e-

103 2147 202 2187 phori,
231 2145 306 2176 alie-

103 2190 186 2221 natis
205 2190 303 2220 Athe-

104 2232 265 2263 niensibus

104 2276 179 2310 fore,
203 2282 240 2306 ut
261 2275 306 2314 ip-

102 2328 138 2349 sa
152 2318 310 2357 Pelopon-

105 2371 203 2391 nesus
218 2361 296 2400 peri-

106 2404 240 2439 ditetur,

319 166 412 207 292
783 159 1262 208 HERODOTI

319 298 347 318 “
370 289 432 337 ὅτι
469 290 636 351 οὐδαμοῖ
672 290 922 353 προδώσομεν
944 290 1012 344 την
1046 290 1257 344 Ἑλλάδα,
1294 287 1369 335 καὶ
1403 289 1504 336 διότι
1526 294 1659 350 τεῖχος

319 374 345 393 “
370 366 460 428 ὑμῖν
485 364 552 411 διοὶ
586 370 660 412 τοῦ
693 367 877 429 Ἰσθμοῦ
911 365 1164 429 ἐλαυνόμενον
1188 366 1222 411 ἐν
1247 363 1358 411 τέλει’·
1385 366 1483 420 ἐστι,
1517 363 1592 410 καὶ
1615 364 1661 418 δὴ

320 448 349 468 “
372 440 493 501 λόγον
539 441 676 487 οὐδένα
720 445 796 487 τῶν
839 440 1076 496 Ἀθηναίων
1113 440 1310 487 ποιέεσθε·
1343 440 1579 502 συνθέμενοί
1617 457 1660 485 τε

320 524 346 545 “
369 519 459 580 ἡμῖν
482 516 547 564 τόν
568 517 717 581 Πέρσην
735 518 1005 566 ἀντιώσεσθαι
1024 520 1060 571 ἐς
1082 517 1150 571 τὴν
1176 515 1381 572 Βοιωτίην,
1407 516 1659 580 προδεδώκα-
1682 522 1745 562 25

320 601 347 621 “
369 612 430 650 τε,
465 593 671 657 περιείδετέ
694 612 738 640 τε
769 592 997 641 ἐσέαλόντα
1021 596 1058 646 ἐς
1091 592 1158 647 τὴν
1181 591 1385 646 Ἀττικὴν
1408 590 1474 638 τόν
1496 590 1660 655 βάρὲα-

320 676 347 697 “
369 688 439 732 ρον.
506 669 584 721 Ἐς
614 669 686 731 μέν
703 689 764 716 νυν
787 668 836 716 τό
871 669 1014 734 παρεόν
1036 668 1256 723 Ἀθηναῖοι
1280 668 1371 731 ὑμῖν
1393 668 1585 731 μηνίουσι·
1619 668 1665 714 οὐ

322 751 352 772 “
377 744 459 808 γοὶρ
483 745 695 798 ἐποιησατε
719 745 943 800 ἐπιτηδέως.
970 750 1031 792 νῦν
1054 744 1094 791 δὲ
1118 743 1178 791 ὅτι
1202 745 1334 805 τάχος
1356 742 1542 807 στρατιὴν
1565 743 1664 805 οἵμα

321 827 354 848 “
378 823 468 884 ἡμῖν
508 822 718 868 ἐκέλευσαν
750 821 880 884 ὑμέας
913 821 1148 884 ἐκπέμπειν,
1183 823 1233 873 ὦς
1269 819 1317 866 ἂν
1353 818 1419 866 τᾶν
1460 817 1664 883 βάρὲαρον

322 905 348 926 “
372 898 590 960 δεκώμεθα
606 899 640 944 ἐν
657 901 708 961 τῇ
726 898 929 960 Ἀττικῇ.
945 896 1076 951 ἐπειδὴ
1095 895 1176 961 γοὶρ
1193 897 1422 959 ἡμάρτομεν
1441 899 1512 949 τῆς
1530 896 1655 941 Βοιω-
1681 902 1744 941 30

322 982 348 1003 “
370 975 468 1030 τιής,
493 979 563 1028 τῆς
587 993 633 1035 γε
656 975 841 1038 ἡμετέρης
874 973 1189 1028 ἐπιτηδειότατόν
1221 974 1303 1021 ἐστι
1328 972 1662 1035 ἐμμαχέσασθαι

325 1058 354 1078 “
379 1051 427 1098 τὸ
453 1053 644 1114 Θριάσιον
667 1052 845 1098 πεδίον.”

388 1145 496 1175 vm.
531 1130 622 1181 Ὠς
661 1127 700 1175 δὲ
736 1128 816 1191 οἵρα
857 1128 1040 1175 οἵκουσαν
1076 1130 1115 1175 οἱ
1140 1127 1265 1191 ἐ’φοροι
1302 1131 1458 1182 ταῦτα,
1498 1123 1670 1172 ἀνεξάλ-

323 1214 438 1252 λοντο
473 1207 510 1258 ἐς
549 1205 616 1258 την
657 1205 859 1269 ὑστεραίην
899 1205 1213 1269 ὑποκρίνασθαι·
1242 1207 1294 1268 τῇ
1331 1204 1370 1251 δὲ
1412 1202 1609 1266 ὑστεραίῃ,
1634 1203 1671 1255 ἐς

325 1281 392 1335 την
415 1282 548 1345 ἑτέρην.
583 1286 704 1328 τοῦτο
727 1281 802 1328 καὶ
825 1281 891 1328 ἐπὶ
915 1282 1014 1328 δέκα
1045 1281 1194 1344 ἡμέρας
1217 1280 1378 1336 ἐποίεον,
1405 1281 1444 1334 ἐξ
1467 1279 1608 1342 ἡμέρης
1629 1279 1668 1331 ἐς

325 1358 463 1421 ἡμέρην
485 1356 825 1420 ἀναὲαλλόμενοι.
862 1359 896 1404 ἐν
931 1357 971 1404 δὲ
1005 1356 1136 1420 τούτῳ
1169 1360 1227 1419 τῷ
1249 1356 1373 1420 χρόνῳ
1405 1355 1471 1403 τᾶν
1494 1353 1670 1417 Ἰσθμὸν

326 1434 508 1494 ἐτείχεον,
529 1433 702 1487 σπουδὴν
726 1434 881 1494 ἔχοντες
899 1434 1052 1488 πολλὴν
1074 1435 1223 1487 πάντες
1247 1433 1570 1486 Πελοποννησιοι·
1593 1431 1676 1478 καί
1724 1438 1755 1478 5

325 1523 394 1569 σφι
420 1509 461 1564 ἦν
485 1510 580 1574 πρὸς
603 1511 722 1558 τέλεϊ.
749 1510 829 1557 οὐδ’
859 1511 938 1571 ἔχω
967 1511 1077 1557 εἶπαι
1101 1509 1148 1556 τό
1177 1514 1316 1565 αἴτιον,
1344 1508 1444 1555 διότι
1469 1507 1670 1570 απικομέ·

326 1605 390 1632 νου
412 1580 484 1648 μὲν
517 1587 790 1650 Ἀλεξάνδρου
825 1591 899 1634 τοῦ
936 1586 1173 1640 Μακεδόνος
1208 1587 1245 1639 ἐς
1266 1585 1460 1639 Ἀθήνας
1497 1583 1672 1638 σπουδὴν

325 1665 511 1726 μεγάλην
552 1664 788 1716 ἐποιησαντο
821 1662 879 1725 μὴ
902 1663 1072 1725 μηδίσαι
1105 1662 1375 1717 Ἀθηναίους,
1399 1660 1491 1707 τότε
1515 1659 1555 1706 δέ
1578 1661 1670 1723 ὥρην

327 1740 563 1794 ἐποιησαντο
598 1740 792 1802 οὐδεμίην,
825 1739 931 1785 ἄλλο
966 1758 1013 1799 γε
1047 1738 1154 1793 ἢὸτι
1180 1737 1397 1800 ὁἸσθμός
1432 1749 1502 1796 σφι
1528 1735 1670 1783 ἐτετεί-

326 1834 462 1875 χιστο,
497 1814 573 1861 καὶ
607 1814 755 1862 ἐδόκεον
788 1815 1026 1869 Ἀθηναίων
1061 1815 1119 1861 ἐ’τι
1155 1815 1318 1861 δέεσθαι
1350 1813 1469 1860 οὐδέν·
1503 1811 1567 1860 ὅτε
1592 1811 1631 1859 δὲ
1656 1811 1678 1858 ὅ
1704 1820 1762 1859 10

325 1889 596 1955 Ἀλέξανδρος
632 1892 806 1938 ἀπίκετο
830 1893 867 1945 ἐς
901 1891 969 1945 τὴν
993 1890 1212 1947 Ἀττικὴν,
1239 1890 1284 1937 οὔ
1313 1910 1371 1936 κω
1394 1889 1675 1950 ἀπετετείχισ-

327 1987 388 2025 το,
415 1969 626 2033 ἐργάζοντο
652 1968 706 2024 δὲ,
731 1970 930 2031 μεγάλως
948 1967 1304 2033 κατάῤῥωδηκότες
1328 1965 1423 2020 τούς
1442 1966 1619 2031 Πέρσας.

395 2062 461 2092 ΙΧ.
519 2045 650 2098 Τέλος
673 2045 727 2101 δὲ,
763 2048 834 2099 τῆς
856 2063 900 2092 τε
925 2044 1152 2108 ὑποκρίσιος
1174 2044 1249 2091 καὶ
1277 2043 1407 2099 ἐξόδου
1432 2048 1506 2090 τῶν
1532 2045 1675 2107 Σπαρ-

331 2121 487 2175 τιητέων
512 2122 662 2180 ἐγένετο
703 2121 846 2184 τρόπος
881 2121 1048 2168 τοιόσδε.
1084 2124 1136 2185 τῇ
1167 2121 1376 2184 προτεραίῃ
1403 2123 1474 2173 τῆς
1497 2119 1676 2174 ὑστάτης

331 2198 615 2250 καταστάσιος
641 2198 867 2260 μελλούσης
901 2196 1086 2254 ἔσεσθαι,
1125 2197 1288 2253 Χίλεος,
1329 2195 1420 2260 ἀνὴρ
1453 2196 1676 2255 Τεγεήτης,

335 2274 546 2337 δυνάμενος
570 2276 603 2320 ἐν
629 2273 910 2337 Λακεδαίμονι
934 2274 1119 2337 μέγιστα
1153 2273 1288 2329 ξείνων,
1319 2278 1394 2320 τῶν
1419 2272 1557 2335 ἐφόρων
1582 2271 1677 2318 ἐπί)-

335 2353 435 2398 θετο
466 2351 608 2397 πάντα
639 2349 761 2410 λόγον
783 2348 849 2396 τόν
873 2349 918 2403 δη
942 2352 982 2396 οἱ
1010 2351 1232 2403 Ἀθηναῖοι
1256 2349 1405 2410 ἐ’λεγον.
1432 2348 1615 2402 ἀκούσας
1639 2347 1679 2396 δὲ
1734 2356 1764 2395 5

337 2427 358 2473 ὁ
391 2426 550 2482 Χίλεος,
587 2426 700 2486 ἐ’λεγε
734 2426 815 2489 ἄρα
839 2438 909 2485 σφι
940 2427 1053 2474 τάδε·
1101 2434 1132 2454 “
1160 2426 1288 2473 Οὕτω
1312 2426 1408 2486 ἔχει,
1433 2425 1565 2489 ἄνδρες
1588 2426 1679 2484 ἔφο-

341 2512 370 2532 “
393 2520 464 2568 ροι·
505 2502 739 2556 Ἀθηναίων
756 2504 846 2565 ἡμῖν
881 2503 1013 2550 ἐόντων
1035 2503 1093 2566 μὴ
1117 2503 1314 2567 ἀρθμίων,
1339 2505 1396 2565 τῷ
1421 2502 1460 2550 δὲ
1483 2500 1679 2566 βαρὲάρῳ

340 2588 368 2608 “
396 2581 644 2643 συμμάχων,
682 2579 762 2626 καί
795 2598 866 2643 περ
899 2580 1051 2640 τείχεος
1074 2578 1142 2626 διοὶ
1172 2584 1246 2626 τοῦ
1273 2580 1457 2641 Ἰσθμοῦ
1479 2577 1679 2640 ἐληλαμέ-

341 2664 365 2684 “
386 2676 452 2704 νου
485 2661 689 2720 καρτεροῦ,
719 2657 908 2719 μεγάλαι
943 2657 1148 2709 κλισιάδες
1179 2655 1494 2704 ἀναπεπτέαται
1535 2655 1572 2708 ἐς
1611 2653 1679 2708 τῆν
