1836 3156
478 168 934 218 CALLIOPE
996 169 1090 218 IX.
1390 178 1483 217 305

141 299 382 363 Βακτρίους·
415 296 525 347 οὗτοι
550 299 589 348 δὲ
613 302 781 362 ἐπέσχον
816 299 1109 364 Ἐπιδαυρίους
1142 319 1186 348 τε
1210 300 1286 348 καὶ
1318 302 1485 365 Τροιζη-

58 385 115 424 15
139 377 253 433 νίους,
279 375 354 423 καὶ
379 378 616 440 Λεπρεῆτας
639 397 682 425 τε
705 378 780 424 καὶ
806 377 1061 441 Τιρυνθίους,
1103 377 1179 424 καὶ
1219 378 1485 432 Μυκηναίους

139 473 182 502 τε
217 452 292 501 καὶ
315 454 558 507 Φλιασίους.
594 453 706 517 μετοὶ
731 454 770 502 δὲ
795 454 1026 518 Βακτρίους
1049 454 1185 512 ἔστησε
1218 455 1384 508 Ἰνδοὺς·
1421 452 1486 502 οὖ-

141 549 202 577 τοι
227 530 266 577 δέ
291 530 459 590 ἐπέσχον
481 531 716 594 Ἑρμιονέας
737 549 781 578 τε
804 530 878 578 καὶ
915 531 1155 594 Ἐρετριέας,
1192 531 1268 578 καὶ
1307 531 1487 594 Στυρέας

138 625 182 654 τε
204 605 280 652 καὶ
306 606 555 660 Χαλκιδέας.
623 607 753 654 Ἰνδῶν
778 605 818 653 δὲ
842 606 1054 669 ἐχομένους
1092 606 1241 659 Σάκας
1278 606 1409 661 ἐ’ταξε·
1452 606 1492 653 οἳ

139 682 308 742 ἐπέσχον
330 681 666 746 Ἀμπρακιητας
688 701 732 730 τε
754 682 830 729 καὶ
863 681 1172 746 Ἀνακτορίους,
1208 682 1284 730 καί
1320 687 1487 731 Λευκα-

55 767 119 806 20
145 758 268 816 δίους,
291 758 368 806 καί
392 760 582 816 Παλέας,
609 759 684 807 καὶ
709 761 951 821 Αἰγινητας.
1023 760 1188 808 Σακέων
1213 759 1252 807 δέ
1276 761 1490 823 ἐχομένους

142 835 258 890 ἔταξε
282 835 404 882 ἀντία
427 836 666 891 Ἀθηναίων
688 856 732 884 τε
754 837 830 884 καί
866 837 1112 884 Πλαταιέων
1146 836 1222 883 καὶ
1248 837 1487 900 Μεγαρέων,

142 912 345 965 Βοιωτούς
367 931 410 959 τε
434 911 509 958 καί
536 912 735 977 Λοκροῦς,
759 913 836 960 καί
862 913 1052 967 Μηλιέας
1069 932 1112 960 τε
1130 912 1207 959 καὶ
1228 912 1490 971 Θεσσαλοῦς,

140 988 216 1036 καί
251 988 424 1035 Φωκέων
459 988 553 1042 τούς
587 990 762 1049 χιλίους.
800 991 845 1036 οὐ
871 989 954 1054 γοὶρ
977 989 1024 1036 ῶν
1049 990 1232 1043 ἅπαντες
1266 992 1307 1036 οἱ
1327 990 1492 1044 Φωκέες

141 1065 347 1128 ἐμηδισαν·
385 1064 502 1111 ἀλλά
526 1083 624 1117 τινες
647 1064 797 1111 αὐτέων
818 1064 896 1111 καὶ
917 1063 975 1111 τοὶ
1009 1067 1211 1120 Ἐλλῆνων
1234 1064 1363 1123 ηὖξον,
1405 1066 1494 1130 περὶ

55 1150 116 1190 25
143 1140 210 1189 τόν
225 1139 456 1205 Παρνησσδν
478 1141 770 1204 κατειλημένοι·
793 1140 869 1188 καὶ
893 1142 1071 1189 ἐνθεῦτεν
1091 1142 1336 1206 ὁρμεῶμενοι,
1362 1142 1490 1207 ἔφερόν

142 1237 185 1266 τε
208 1217 284 1265 καὶ
306 1217 401 1278 ἦγον
434 1219 503 1272 την
526 1237 569 1265 τε
607 1219 839 1282 Μαρδονίου
863 1218 1050 1283 στρατιὴν
1073 1219 1149 1266 καὶ
1179 1219 1275 1273 τούς
1297 1220 1389 1282 μετ’
1418 1221 1493 1266 αὐ-

144 1299 219 1342 τοῦ
253 1294 390 1347 ἐόντας
411 1295 628 1348 Ἑλλῆνων.
654 1294 769 1350 ἔταξε
794 1295 833 1343 δέ
856 1295 933 1342 καί
959 1296 1210 1350 Μακεδόνας
1232 1316 1276 1343 τε
1299 1296 1376 1344 καὶ
1397 1296 1493 1349 τούς

145 1371 232 1437 περὶ
258 1371 489 1426 Θεσσαλίην
513 1371 741 1435 οἰκημένους
762 1371 881 1420 κατοὶ
904 1370 999 1426 τοὺς
1032 1372 1306 1427 Ἀθηναίους.

213 1465 368 1496 XXXII.
439 1451 599 1496 Ταῦτα
622 1449 695 1512 μὲν
717 1455 792 1497 τῶν
816 1450 953 1497 ἐθνέων
975 1449 1032 1497 τοὶ
1056 1451 1241 1513 μέγιστα
1265 1450 1492 1514 ὀνόμασται

146 1532 220 1574 τῶν
245 1525 326 1573 ὑπὸ
351 1526 584 1590 Μαρδονίου
608 1527 860 1588 ταχθέντων,
901 1529 959 1574 τά
992 1546 1065 1592 περ
1099 1529 1409 1588 ἐπιφανέστατά
1449 1548 1493 1576 τε

143 1604 188 1658 ἧν
210 1602 286 1651 καί
307 1603 437 1664 λόγου
461 1604 672 1650 πλείστου.
708 1606 843 1659 ἐνῆσαν
879 1604 919 1652 δὲ
941 1605 1018 1652 καὶ
1040 1605 1176 1652 οἵλλων
1200 1606 1339 1655 ἐθνέων
1363 1607 1495 1670 οἵνδρες

144 1680 483 1743 ἀναμεμιγμένοι,
523 1681 698 1743 Φρυγῶν
732 1700 776 1728 τε
812 1680 888 1728 καὶ
930 1681 1124 1745 Θρηίκων,
1159 1682 1235 1729 καὶ
1262 1685 1415 1730 Μυσῶν
1450 1701 1493 1730 τε

90 1766 119 1805 5
143 1756 218 1804 καί
243 1756 439 1813 Παιόνων,
465 1756 541 1804 καὶ
562 1762 637 1804 τῶν
662 1758 813 1805 οἵλλων·
853 1760 887 1805 ἐν
912 1758 965 1814 δὲ,
991 1758 1068 1805 καί
1093 1759 1312 1806 Αἰθιόπων
1336 1779 1394 1816 τε,
1418 1764 1495 1812 καὶ

148 1834 394 1895 Αἰγυπτίων
419 1835 460 1880 οἵ
476 1854 520 1882 τε
543 1834 810 1898 Ἑρμοτὺἓιες
831 1835 907 1882 καί
941 1838 982 1882 οἱ
1019 1837 1268 1901 Καλασίριες
1294 1837 1496 1901 καλεόμει-

148 1930 214 1967 νοι,
240 1911 550 1975 μαχαιροφόροι·
585 1911 694 1976 οἵπερ
728 1911 803 1959 εἰσὶ
840 1912 1086 1972 Αἰγυπτίων
1120 1917 1257 1975 μοῦνοι
1291 1915 1494 1977 μάχιμοι.

149 1990 318 2043 τούτους
341 1989 380 2036 δέ
404 1990 461 2036 ἔτι
485 1989 552 2036 ἐῶν
576 1991 611 2036 ἐν
637 1992 831 2054 Φαληρῳ,
868 1989 956 2037 ἀπὸ
978 1996 1053 2037 τῶν
1077 1995 1165 2045 νηῶν
1189 1988 1496 2046 ἀπεζιέάσατο,

149 2067 287 2120 ἐόντας
311 2064 530 2120 ἐπιέάτας·
574 2068 619 2114 οὐ
643 2065 725 2130 γοὶρ
748 2068 990 2128 ἐτάχθησαν
1014 2069 1052 2121 ἐς
1074 2066 1140 2114 τᾶν
1164 2065 1286 2130 πεζδν
1310 2065 1375 2113 τδν
1399 2066 1499 2129 οἵμα

65 2154 125 2192 10
150 2144 279 2208 Ξέρξη
314 2143 556 2207 ἀπικόμενον
592 2146 629 2197 ἐς
661 2143 854 2199 Ἀθηνας
891 2145 1138 2205 Αἰγύπτιοι.
1221 2148 1313 2192 Τῶν
1345 2143 1417 2207 μέν
1454 2144 1499 2198 δὴ

148 2220 361 2286 βαρὲάρων
385 2221 478 2268 ἕσαν
500 2222 711 2285 τριηκοντα
742 2222 946 2287 μυριάδες,
983 2224 1034 2276 ὦς
1066 2221 1142 2269 καὶ
1175 2222 1355 2286 πρότερον
1391 2221 1498 2275 δεδη-

149 2308 296 2346 λωται·
333 2303 407 2345 τῶν
442 2298 481 2345 δὲ
526 2300 727 2353 Ἑλλῆνων
763 2303 837 2346 τῶν
875 2299 1107 2363 Μαρδονίου
1148 2300 1382 2362 συμμάχων
1423 2297 1499 2344 οἶδε

151 2376 223 2441 μὲν
247 2375 370 2429 οὐδεὶς
393 2375 584 2440 ἀριθμόν·
621 2377 666 2422 οὐ
700 2374 782 2440 γοὶρ
815 2375 863 2422 ῶν
898 2377 1201 2440 ἠριθμηθησαν·
1237 2377 1286 2428 ὦς
1321 2373 1361 2421 δέ
1397 2375 1499 2420 ἐπει-

154 2455 301 2509 κάσαι,
339 2454 376 2505 ἐς
399 2453 512 2500 πέντε
547 2453 750 2516 μυριάδας
783 2457 1028 2513 συλλεγῆναι
1063 2452 1225 2515 εἰκάζω.
1298 2447 1432 2498 Οὗτοι
1467 2450 1508 2496 οἱ

76 2541 133 2580 15
158 2529 517 2593 παραταχθέντες,
542 2529 662 2593 πεζοὶ
684 2530 787 2576 ἕσαν·
820 2531 843 2584 ἦ
867 2528 907 2576 δὲ
932 2530 1057 2582 ἵππος
1079 2529 1198 2592 χωρὶς
1222 2527 1435 2574 ἐτέτακτο.

224 2621 399 2652 XXXIII.
467 2608 558 2659 Ὡς
592 2606 631 2653 δέ
665 2606 746 2670 ἄρα
781 2607 930 2659 πάντες
963 2608 1004 2653 οἱ
1031 2607 1263 2666 ἐτετάχατο
1308 2604 1427 2651 κατά
1460 2621 1504 2649 τε

159 2683 280 2730 ἐ’θνεα
303 2681 378 2728 καὶ
410 2681 529 2730 κατοὶ
551 2683 686 2739 τέλεα,
723 2684 908 2730 ἐνθαῦτα
931 2686 983 2746 τῇ
1009 2683 1162 2746 δευτέρη
1185 2681 1305 2745 ἡμέρη
1341 2681 1505 2729 ἐθύοντο

164 2759 238 2807 καὶ
261 2758 496 2823 ἀμφότεροι.
558 2760 739 2815 ’Έλλησι
774 2759 845 2823 μὲν
881 2759 1111 2824 Τισαμενδς
1146 2759 1376 2822 Ἀντιόχου
1411 2757 1454 2813 ἧν
1491 2757 1511 2805 ὁ

244 2848 348 2886 VoL.
369 2847 423 2886 11.
865 2851 901 2892 Q
921 2863 943 2900 q

1520 1457 1646 1493 Quibus
1660 1467 1699 1488 ex

1516 1500 1644 1540 populis

1517 1543 1673 1574 conflatus

1519 1586 1683 1617 Mardonii

1517 1629 1680 1665 exercitus,
1691 1655 1703 1664 ,

1519 1679 1720 1714 quantusque

1520 1717 1588 1757 ejus
1602 1722 1680 1746 tunc

1520 1768 1681 1790 numerus.

1533 2613 1635 2645 Graeci
1651 2613 1691 2644 ad

1530 2657 1669 2697 auspicia

1532 2711 1651 2742 pugnae
1667 2710 1719 2730 ca-

1534 2743 1648 2785 pienda
1669 2749 1739 2772 vate

1536 2787 1708 2819 Tisameno
