1836 3156
236 123 279 150 50

241 204 363 244 Gygaea
390 202 541 241 Amyntae
561 201 634 235 filia,
666 212 695 231 v.
719 203 771 231 21.
800 199 863 230 viii.
895 203 965 233 156.

283 246 405 277 Bubari
431 244 588 275 collocata
613 255 631 274 a
651 244 745 274 fratre
772 244 963 281 Alexandro,

277 300 306 319 v.
323 293 372 319 21.
386 288 450 318 viii-
462 291 536 318 156.

241 333 356 373 Gyges,
399 330 530 371 Dascyli
559 330 651 366 filius,
682 330 702 360 i.
732 334 761 360 8.
795 329 966 361 Candaulis

280 375 410 409 satelles,
448 374 468 403 i.
504 378 535 404 8.
563 373 614 403 vel
656 373 908 407 Heraclidarum,
946 374 966 404 i.

281 422 331 450 91.
358 418 426 458 ejus
440 416 522 447 circa
543 426 675 447 uxorem
700 415 872 447 Candaulis
887 423 963 452 acta,

279 461 301 491 i.
321 465 350 491 8.
375 465 404 492 9.
430 466 485 491 etc.
517 459 714 490 Candaulem
742 461 916 494 obtruncat,
945 460 965 489 i.

282 508 332 535 12.
371 507 420 535 91.
455 513 554 533 uxore
593 502 764 533 Candaulis
799 509 832 532 et
866 512 964 543 regno

279 553 410 587 potitur,
448 546 467 576 i.
503 550 550 576 15.
581 550 631 577 91.
661 545 790 575 donaria
821 545 964 585 Delphos

277 591 317 620 ab
343 601 380 621 eo
403 589 505 624 missa,
537 589 557 619 i.
584 592 631 619 14.
656 595 687 619 et
710 589 831 628 primus
855 590 964 619 barba-

278 643 387 664 rorum
417 633 442 662 is
467 642 599 662 munera
624 631 710 671 apud
742 632 884 671 Delphos
907 642 963 671 po-

279 677 350 712 suit,
387 675 462 706 ibid.
500 675 615 706 Mileto
643 682 674 705 et
707 676 848 715 Smyrnae
878 685 964 704 arma

279 719 382 754 infert,
419 718 637 758 Colophonem
673 718 703 748 vi
746 719 838 758 capit,
887 718 964 748 ibid.

279 770 358 803 quot
386 772 486 793 annos
515 761 659 802 regnarit,
693 761 767 791 ibid.
788 762 857 801 ejus
879 761 963 792 filius

281 806 394 846 Ardys‚
418 806 437 836 i.
456 808 503 835 15.

241 849 350 890 Gyges
364 855 451 889 pater
464 847 573 887 Myrsi‚
597 847 640 877 iii.
658 850 727 877 122.

272 893 435 932 ymnicum
451 897 616 926 certamen,
640 889 672 920 ii.
692 894 742 921 91.

239 934 478 975 Gymnopaediae
495 933 814 968 Lacedaemoniorum,
832 933 872 963 vi.
887 935 941 963 67.

239 977 370 1018 Gyndes
391 977 506 1008 fluvius
520 977 606 1007 unde
631 976 756 1012 oriatur,
781 983 812 1006 et
833 986 897 1017 quo
911 987 963 1006 us-

279 1032 342 1063 que
357 1021 442 1057 fluat,
466 1020 486 1050 i.
511 1024 578 1052 189.
598 1030 626 1049 v.
642 1023 693 1050 52.
714 1029 732 1049 a
757 1021 840 1060 Cyro
855 1020 887 1049 in
900 1029 966 1050 ccc.

282 1074 318 1094 ac
334 1064 495 1104 sexaginta
519 1063 601 1093 rivos
627 1062 781 1098 diductus,
808 1063 827 1092 i.
850 1066 922 1094 202.
936 1073 965 1092 v.

281 1111 333 1139 52.

241 1151 407 1191 Gyzantes.
433 1149 514 1185 Afri,
542 1149 583 1179 iv.
620 1152 688 1180 194.
718 1148 879 1180 simiarum
911 1158 963 1179 co-

281 1201 442 1230 mestores,
463 1192 538 1223 ibid.

578 1322 613 1351 H

235 1410 373 1441 Haemus
401 1418 492 1439 mons
523 1407 666 1447 Scythiae,
706 1407 797 1448 cujus
823 1417 840 1436 e
872 1406 961 1448 jugis

277 1461 339 1483 tres
351 1453 436 1483 fluvii
454 1459 593 1486 manant,
616 1451 655 1480 iv.
672 1454 722 1482 49.

235 1496 428 1529 Haliacmon
450 1495 558 1529 amnis,
581 1494 634 1524 vii.
652 1497 720 1524 127.

237 1540 481 1572 Halicarnassus
510 1537 625 1571 civitas,
660 1537 693 1567 ii.
718 1539 788 1567 178.
822 1546 878 1566 cur
899 1535 961 1575 pri-

278 1590 350 1614 vata
379 1591 539 1612 sacrorum
567 1580 814 1620 participatione,
846 1580 864 1609 i.
893 1583 962 1609 144.

279 1625 506 1657 Pedzssensibus
521 1624 632 1659 vicina,
655 1623 717 1653 viii.
734 1627 806 1654 104.

233 1669 339 1710 Halys
367 1669 476 1701 amnis,
508 1668 527 1698 i.
554 1671 585 1699 5.
609 1666 658 1697 vii.
689 1671 738 1698 26.
760 1672 831 1705 post
859 1665 960 1706 Phry-

274 1713 370 1753 giam,
394 1722 422 1742 ν.
452 1715 503 1742 52.
532 1721 612 1751 quos
631 1709 766 1750 populos
792 1708 958 1743 interfluat,

275 1757 296 1786 i.
319 1760 369 1787 72.
394 1755 463 1794 ejus
492 1754 616 1784 fluxum
638 1752 797 1794 quomodo
819 1752 962 1782 averterit

276 1799 392 1830 Thales
423 1797 579 1831 Milesius,
601 1796 621 1826 i.
654 1800 704 1827 75.
728 1796 809 1825 intra
834 1795 957 1835 Halym

274 1842 408 1872 fluvium
429 1839 539 1880 populi
564 1849 583 1869 a
601 1839 706 1870 Croeso
721 1838 849 1871 subacti,
873 1837 892 1868 i.
908 1842 958 1868 28.

233 1885 410 1921 Hamilcar,
434 1894 462 1912 v.
481 1882 630 1913 Amilcar.

234 1929 379 1959 Hannon
394 1926 562 1957 Amilcaris
576 1931 672 1963 pater,
695 1925 745 1955 vii.
766 1927 835 1956 165.

234 1971 488 2002 Harmamithres
510 1975 541 1999 et
566 1969 708 1999 Tithaeus
734 1966 851 1998 Xerxis
874 1966 961 2008 equi-

274 2021 358 2045 tatus
372 2013 519 2054 praefecti‚
544 2012 595 2041 vii.
610 2015 661 2042 88.

232 2056 437 2089 Harmatides
454 2054 655 2096 Dithyrambi
666 2060 761 2094 pater,
784 2053 834 2084 vii.
852 2057 923 2085 227.

235 2100 465 2140 Harmocydes,
494 2097 706 2129 Phocensium
721 2097 796 2132 dux,
820 2097 862 2127 ix.
880 2100 928 2128 17.

231 2143 429 2175 Harmodius
473 2149 504 2172 et
548 2141 745 2181 Aristogiton
783 2139 960 2180 Hipparchi

272 2187 494 2221 interfectores,
531 2195 558 2215 v.
585 2188 634 2216 55.
660 2184 841 2214 liberatores
859 2184 958 2213 Athe-

274 2240 396 2264 narum,
420 2229 461 2260 vi.
482 2232 551 2259 125.

234 2274 378 2314 Harpagi
409 2271 500 2304 Medi
526 2270 720 2301 familiaritas
748 2276 780 2300 et
809 2269 959 2300 autoritas

272 2317 358 2357 apud
386 2317 569 2356 Astyagem,
593 2315 613 2344 i.
640 2317 710 2344 108.
737 2318 769 2343 et
794 2313 959 2353 negotium

273 2360 365 2390 datur
390 2357 600 2393 interimendi,
634 2357 717 2398 Cyri,
741 2356 814 2386 ibid.
841 2362 872 2386 et
901 2355 955 2386 do-

272 2413 345 2433 mus
366 2402 400 2432 in
415 2402 504 2432 luctu
520 2401 590 2431 ideo
601 2399 620 2430 i.
639 2404 708 2430 111.
737 2399 814 2439 quia
832 2399 958 2438 jussum

271 2457 337 2477 non
352 2451 536 2486 exequutus,
560 2443 705 2474 carnibus
726 2441 781 2472 filii
803 2443 842 2472 ab
862 2442 956 2482 Asty-

270 2500 329 2531 age
353 2495 470 2528 pastus,
496 2488 517 2517 i.
541 2491 611 2518 119.
637 2493 668 2516 et
692 2486 760 2526 ejus
784 2485 959 2516 constantia

268 2533 302 2563 in
340 2530 524 2572 perferenda
571 2530 671 2570 Astya
695 2530 720 2558 is
764 2528 955 2566 crudelitate,

269 2577 345 2606 ibid.
365 2574 511 2614 Astyagis
532 2573 670 2603 ulciscen
694 2572 704 2601 i
725 2571 867 2610 cupidus,
892 2581 956 2611 quo

268 2625 360 2658 pacto
397 2616 605 2648 defectionem
650 2615 779 2645 molitus
822 2614 891 2648 fuit,
937 2613 957 2644 i.

272 2666 343 2693 125.
379 2668 407 2692 et
443 2671 502 2701 seq.
543 2658 675 2699 Astyagi
701 2669 719 2688 a
751 2658 833 2697 Cyro
866 2663 957 2696 capto

271 2704 411 2739 insultat,
436 2704 455 2733 i.
475 2707 546 2734 129.
574 2701 695 2733 Mazari
710 2701 860 2731 defuncto
883 2710 954 2730 suc-

269 2747 360 2783 cedit,
398 2746 419 2777 i.
452 2749 521 2777 162.
552 2751 639 2786 gesta
667 2746 706 2775 ab
736 2754 773 2774 eo
810 2744 957 2773 adversus

268 2792 373 2825 Ionas,
397 2790 418 2819 i.
447 2792 515 2819 162.
535 2792 605 2819 165.
627 2795 656 2819 et
686 2799 744 2828 seq.
768 2786 866 2817 literae
889 2787 957 2826 ejus

267 2834 308 2865 ad
339 2834 460 2874 Cyrum
489 2832 609 2871 scriptae
625 2831 790 2872 missaeque
823 2829 953 2864 occulte,

266 2878 288 2909 i.
306 2880 375 2907 125.
396 2879 469 2906 124.

227 2918 401 2961 Harpagus
424 2918 504 2949 alius
529 2917 625 2948 Persa
646 2917 720 2954 dux,
745 2917 785 2947 vi.
801 2919 850 2947 28.
874 2915 957 2956 capit

899 114 1129 146 INDEX.

1057 201 1231 232 Histiaeum
1260 201 1367 232 vivum
1392 207 1422 233 et
1447 202 1481 231 in
1510 212 1635 234 crucem
1661 205 1734 246 agit,

1050 244 1091 274 vi.
1107 248 1157 274 28.
1171 248 1222 274 50.

1010 287 1224 327 Haruspicina
1240 287 1381 318 Menelai
1392 288 1516 325 nefaria,
1541 289 1574 321 ii.
1591 293 1660 322 119.

1012 330 1122 360 Hebes
1150 336 1298 360 tesseram
1327 331 1380 362 dat
1411 332 1623 373 Leutychides
1650 333 1734 365 mili-

1053 373 1146 410 tibus,
1170 373 1212 403 ix.
1232 378 1280 405 98.

1012 415 1141 446 Hebrus
1156 416 1278 448 fluvius.
1302 417 1341 447 iv,
1359 422 1409 449 90-
1426 418 1476 448 vii.
1492 421 1542 450 59.

1009 458 1190 495 Hecataeus,
1232 460 1431 500 Hegesandri
1467 460 1557 498 filius
1588 462 1732 494 historio-

1050 504 1195 543 graphus,
1218 502 1249 532 ii.
1278 507 1345 534 145.
1371 514 1398 534 v.
1424 507 1497 535 125.
1517 505 1556 534 vi.
1580 508 1651 537 157.
1665 507 1733 546 ejus

1049 556 1158 586 genus,
1182 552 1240 576 etc.
1260 546 1292 576 ii.
1318 550 1387 577 145.
1409 553 1437 577 et
1461 558 1522 589 seq.
1543 548 1662 579 bellum
1677 549 1732 579 ad-

1050 599 1157 619 versus
1195 589 1305 619 Persas
1333 590 1494 620 dissuadet
1531 591 1731 632 Aristagorae,

1050 642 1078 662 v.
1093 636 1144 663 56.
1174 632 1318 673 ejusdem
1342 633 1510 663 consilium
1541 634 1732 675 Aristagorae

1050 674 1169 711 datum,
1192 686 1220 705 v.
1237 679 1305 707 125.

1011 718 1240 753 Hecatonnesi,
1263 718 1282 748 i.
1301 721 1370 750 151.

1008 761 1132 791 Hector
1161 768 1238 791 natu
1267 762 1368 802 major
1388 767 1421 792 et
1444 761 1558 793 virtute
1582 769 1732 802 praestan-

1048 804 1109 834 tior
1127 804 1318 840 Alexandro,
1339 804 1382 835 iii.
1397 808 1468 835 120.

1009 847 1195 887 Hegesicles
1209 853 1241 878 et
1267 847 1357 878 Leon
1383 848 1500 887 Spartae
1521 858 1618 890 reges,
1642 849 1663 879 i.
1679 852 1729 881 65.

1009 890 1217 930 Hegesander
1233 891 1376 921 Hecataei
1404 897 1500 930 pater,
1531 903 1560 922 v.
1595 895 1661 924 125.
1694 893 1734 923 vi.

1055 937 1123 964 157.

1009 976 1212 1017 Hegesipyle,
1239 976 1336 1011 Olori,
1360 977 1441 1017 regis
1464 977 1634 1014 Thracum,
1658 978 1732 1015 filia,

1054 1020 1193 1050 Miltiadi
1208 1020 1367 1055 collocata,
1391 1020 1431 1050 vi.
1445 1024 1495 1052 59.

1010 1063 1248 1103 Hegesistratus
1292 1063 1377 1103 Sigei
1412 1069 1572 1103 tyrannus,
1618 1074 1646 1094 v.
1684 1068 1740 1096 94.

1050 1108 1118 1145 ejus
1143 1117 1252 1146 pugna
1274 1116 1348 1136 cum
1379 1106 1572 1147 Mitylenaeis
1600 1118 1657 1147 pro
1686 1108 1733 1138 Si-

1050 1159 1118 1190 geo,
1142 1149 1215 1179 ibid.

1008 1192 1245 1232 Hegesistratus
1298 1193 1462 1231 haruspex,
1518 1193 1733 1224 Telliadarum

1048 1235 1332 1274 praestantissimus,
1376 1236 1410 1265 in
1449 1235 1609 1266 Mardonii
1645 1246 1732 1267 exer-

1048 1278 1122 1313 citu,
1158 1279 1199 1308 ix.
1233 1282 1285 1309 57.
1321 1278 1389 1318 ejus
1424 1278 1555 1309 audacia
1589 1279 1669 1309 mira
1705 1286 1737 1311 et

1043 1321 1207 1357 initeritus‚
1230 1321 1307 1352 ibid.

1005 1364 1243 1405 Hegesistratus
1271 1363 1463 1406 Aristagorae
1488 1364 1579 1401 filius,
1610 1365 1733 1406 legatus

1049 1408 1181 1444 Samius,
1205 1411 1245 1437 ix.
1262 1412 1312 1439 90.
1328 1411 1379 1439 91.

1010 1451 1227 1491 Hegetoridae‚
1264 1450 1321 1480 filii
1361 1451 1541 1491 Antagorae,
1580 1450 1654 1488 filia,
1691 1451 1733 1482 ix.

1009 1537 1132 1577 Hegias
1147 1537 1307 1567 Tisameni
1321 1536 1424 1573 frater,
1449 1536 1490 1567 ix.
1509 1541 1561 1568 55.

1007 1580 1134 1610 Helene
1169 1580 1307 1620 Tyndari
1345 1579 1417 1616 filia,
1456 1586 1488 1610 et
1522 1581 1590 1622 ejus
1625 1586 1732 1620 raptus

1047 1623 1182 1659 historia,
1217 1623 1248 1653 ii.
1274 1627 1342 1654 112.
1367 1630 1394 1654 et
1421 1634 1480 1664 seq.
1502 1634 1530 1654 v.
1555 1627 1604 1656 94.
1624 1624 1667 1655 ix.
1681 1627 1735 1656 75.

1047 1666 1203 1706 templum
1220 1667 1403 1706 Therapnae,
1428 1667 1466 1696 vi.
1482 1671 1532 1698 61.

1007 1709 1121 1740 Helice
1140 1711 1339 1745 Achaeorum,
1365 1709 1386 1739 i.
1407 1713 1477 1741 145.

1007 1752 1197 1783 Heliconius
1214 1753 1393 1792 Neptunus,
1417 1752 1436 1783 i.
1456 1756 1526 1783 148.

1004 1795 1193 1835 Heliopolis,
1217 1797 1291 1826 urbs
1306 1794 1394 1831 Solis,
1418 1795 1449 1825 ii.
1472 1799 1502 1825 5.
1525 1798 1556 1827 7.
1577 1799 1606 1826 8.
1630 1801 1658 1828 9.
1681 1800 1731 1829 59.

1045 1843 1094 1869 65.

1003 1881 1234 1922 Heliopolitani
1267 1881 1494 1922 AEgyptiorum
1529 1880 1731 1919 solertIssimi,

1045 1925 1077 1954 ii.
1091 1928 1121 1955 5.

1005 1967 1134 2002 Hellen,
1160 1967 1241 1998 Dori
1256 1972 1350 2006 pater,
1375 1967 1395 1996 i.
1411 1970 1462 1998 56.

1006 2010 1176 2041 Hellenica
1190 2020 1275 2051 gens,
1298 2009 1318 2039 i.
1335 2013 1386 2041 56.
1401 2013 1451 2041 57.

1006 2053 1195 2084 Hellenium
1210 2054 1329 2089 fanum,
1354 2052 1386 2083 ii.
1405 2056 1476 2084 178.

1004 2097 1233 2132 Hellenodicae‚
1256 2107 1287 2127 v.
1300 2100 1349 2126 22.

1005 2140 1119 2171 Helles
1142 2139 1344 2170 Athamantis
1366 2138 1439 2169 filiae
1460 2138 1650 2178 sepulcrum,
1683 2139 1733 2171 vii.

1005 2226 1208 2266 Hellesponti
1229 2227 1329 2261 urbes,
1352 2225 1393 2255 vi.
1419 2228 1471 2255 55.
1499 2224 1729 2265 Hellespontus

1045 2270 1099 2300 ubi
1122 2269 1370 2311 angustissimus
1395 2267 1434 2298 iv.
1457 2269 1508 2299 85.
1529 2278 1604 2298 eum
1627 2275 1727 2299 trans-

1044 2313 1081 2343 iit
1113 2313 1239 2349 Darius,
1277 2323 1305 2342 v.
1335 2315 1384 2342 11.
1422 2310 1652 2350 Hellespontus
1688 2321 1728 2342 ex

1047 2356 1124 2386 Asia
1167 2356 1199 2385 in
1239 2356 1403 2394 Europam
1448 2353 1653 2394 conjungitur
1711 2364 1730 2385 a

1047 2399 1163 2435 Xerxe,
1187 2398 1237 2429 vii.
1259 2402 1311 2429 55.
1335 2398 1441 2428 denuo
1471 2403 1568 2437 ponte
1585 2397 1726 2437 junctus,

1044 2442 1094 2471 vii.
1125 2445 1176 2472 56.
1203 2448 1234 2472 et
1257 2441 1359 2481 priore
1383 2448 1480 2480 ponte
1508 2446 1610 2479 rupto,
1648 2451 1727 2481 quo-

1044 2485 1139 2515 modo
1174 2495 1193 2514 a
1231 2486 1336 2515 Xerxe
1372 2483 1548 2524 castigatus,
1588 2482 1641 2513 vii.
1670 2486 1726 2515 55.

1046 2528 1250 2567 Hellesponti
1275 2528 1424 2567 trajectus
1453 2526 1626 2556 stadiorum
1654 2536 1724 2566 sep-

1042 2577 1116 2607 tem,
1140 2571 1191 2601 vii.
1216 2575 1267 2602 34.
1300 2570 1512 2609 Hellesponto
1536 2568 1641 2608 phiala
1669 2579 1729 2599 au-

1043 2624 1095 2644 rea
1118 2614 1211 2644 datur
1236 2624 1253 2644 a
1276 2614 1390 2647 Xerxe,
1425 2622 1539 2643 aureus
1564 2618 1670 2648 crater,
1695 2618 1727 2642 et

1044 2657 1169 2697 gladius
1195 2657 1341 2687 Persicus
1370 2657 1437 2696 ejus
1478 2655 1630 2695 placandi,
1675 2655 1727 2685 vii.

1002 2742 1218 2782 Hellespontii
1247 2742 1281 2772 in
1311 2741 1430 2772 Xerxis
1460 2740 1557 2771 classe
1586 2740 1724 2771 militan-

1043 2792 1098 2822 tes,
1122 2786 1172 2815 vii.
1200 2789 1249 2817 95.
1275 2785 1319 2815 eis
1345 2784 1491 2825 pontium
1516 2783 1658 2814 custodia
1672 2783 1725 2814 de-

1041 2828 1197 2864 mandata,
1221 2829 1296 2858 ibid.

1002 2871 1238 2911 Hellespontias
1253 2877 1376 2907 ventus,
1397 2869 1449 2901 vii.
1466 2873 1537 2900 188.

1002 2915 1172 2955 Hellopiae,
1198 2914 1258 2945 viii.
1274 2918 1325 2945 25.
