1836 3156
275 145 294 172 8
905 141 1114 173 INDEX.

276 227 404 267 Anysus
424 233 512 267 pater
525 226 741 264 Tetramnesti‚
758 227 808 257 vii.
823 230 873 259 98.

276 271 425 310 Aparytae
439 281 510 310 pop.
524 271 565 300 iii.
582 275 631 302 91.

278 314 432 351 Apaturia
452 314 537 348 festa,
554 313 574 342 i.
591 317 661 344 147.
674 313 706 342 ii.
722 317 771 345 29.

278 355 366 395 Aper
378 355 523 385 immanis
531 356 698 395 Mysorum
708 356 845 386 devastat
855 365 956 396 opera,

318 399 336 427 i
352 402 403 428 56.
417 398 450 427 in
469 398 575 428 Africa
588 398 704 433 nullus,
719 399 759 428 iv.
779 402 846 430 192.

280 439 365 479 Apes
378 440 448 470 loca
460 446 545 470 trans
560 441 677 471 Istrum
691 452 732 471 an
746 441 914 476 obtineant,
929 452 958 472 v.

318 487 367 513 10.
377 482 494 513 animal
504 483 633 514 omnino
645 483 768 525 frigoris
780 484 957 520 intolerans,

313 524 388 556 ibid.

278 568 420 607 Aphetae,
435 569 497 599 loci
510 579 634 607 nomen,
649 569 700 600 vii.
716 573 786 602 195.
801 569 863 600 viii.
886 573 916 600 6.

278 611 436 650 Aphidnae
453 612 639 651 Tyndaridis
652 612 789 652 proditae,
805 613 847 641 ix.
865 615 917 644 75.

278 653 476 692 Aphidnaeus
493 655 711 691 Callimachus,
728 656 767 686 vi.
785 659 854 686 109.

277 696 479 734 Aphrodisias
494 697 605 734 insula,
621 698 661 728 iv,
678 702 747 730 169.

277 739 472 778 Aphthitana
491 739 592 781 plaga,
607 741 640 771 ii.
655 744 726 772 166.

275 781 413 821 Aphytis
426 784 507 819 urbs,
524 784 574 813 vii.
593 787 662 814 122.

278 823 373 862 Apia‚
391 825 500 856 Tellus
515 826 572 856 dea
591 826 720 866 Scythis,
735 825 774 856 iv.
789 830 840 858 59.

276 866 443 905 Apidanus
457 868 578 906 fluvius,
594 869 647 900 vii.
671 872 739 901 129.
764 873 830 902 196.

275 909 356 949 Apis
370 912 450 940 urbs.
466 911 497 941 ii.
516 915 564 942 18.

278 952 358 991 Apis
368 954 497 1003 AEgypt
513 955 612 992 Deus,
628 955 746 986 Graecis
756 954 938 994 Epaphus'
929 955 961 985 11.

321 998 392 1026 135.
408 997 451 1027 iii.
466 1001 516 1028 27.
531 1001 581 1028 28.
595 999 661 1039 ejus
677 998 848 1037 descriptio,
861 998 958 1038 signa,

318 1037 363 1069 iii.
378 1043 428 1070 28.
452 1051 553 1080 quum
574 1047 708 1080 apparet,
736 1041 961 1081 AEgyptiorum

316 1081 441 1117 festum,
456 1083 529 1113 ibid.
544 1084 616 1114 aula
633 1085 707 1124 ejus,
718 1084 749 1114 ii.
768 1087 836 1115 155.
850 1083 962 1114 illusus

317 1134 337 1154 a
353 1125 508 1166 Cambyse
523 1132 553 1156 et
564 1127 777 1164 vulneratus,'
768 1127 800 1156 ii.
823 1130 873 1158 29.
895 1136 962 1157 mo-

316 1167 397 1197 ritur
409 1179 446 1198 eo
460 1169 596 1204 vulnere,
606 1170 681 1200 ibid.

279 1209 403 1249 Apollo,
423 1212 608 1243 Graecorum
624 1213 722 1249 Deus,
741 1213 761 1243 i.
783 1217 833 1244 90.
853 1212 960 1252 praeci-

317 1263 381 1292 pue
396 1264 415 1284 a
432 1255 538 1285 Croeso
552 1255 664 1292 cultus,
681 1255 756 1286 ibid.
767 1255 929 1285 invocatus
944 1265 963 1285 a

321 1297 435 1332 Croeso,
458 1298 565 1338 ignem
590 1308 674 1339 pyrae
692 1299 855 1339 extinguit,
876 1298 895 1328 i.
912 1301 965 1329 87.

319 1347 482 1370 enumerat
496 1341 595 1370 suain
614 1342 756 1372 Croesum
769 1341 925 1376 beneficia,
942 1340 961 1371 i.

320 1386 370 1414 91.
388 1382 505 1422 Apollo
522 1383 618 1414 Sileni
630 1385 767 1424 Marsyae
782 1383 894 1423 pellem
910 1383 964 1414 ubi

318 1425 488 1465 suspendit,
505 1427 555 1456 vii.
571 1431 621 1458 26.
637 1427 754 1467 Apollo
765 1427 962 1463 1smenius,i.

321 1472 373 1500 92.
396 1468 459 1498 viii.
490 1472 558 1500 154.
580 1469 649 1510 ejus
670 1470 833 1509 templum,
862 1480 891 1499 v.
913 1473 964 1501 59.

320 1511 384 1541 viii.
415 1515 485 1542 154.
524 1512 643 1552 Apollo
665 1513 819 1552 Triopius,
843 1513 863 1542 i.
898 1516 966 1544 144.

323 1554 480 1593 Apollinis
503 1555 667 1586 oraculum
681 1555 766 1595 apud
783 1557 912 1596 AEgypt.
935 1555 967 1586 ii.

324 1601 374 1627 85.
399 1597 523 1636 Apollo,
544 1598 643 1628 Osiris
658 1599 744 1638 apud
759 1599 885 1638 AEgypt.
911 1608 967 1629 seu

324 1640 469 1680 Dionysi,
486 1647 518 1670 et
533 1640 624 1671 Isidis
638 1640 729 1678 filius,
745 1641 776 1671 ii.
788 1645 858 1672 156.
875 1652 893 1671 a
906 1641 970 1671 La-

322 1689 398 1713 tona
412 1683 533 1714 nutrice
548 1683 730 1719 occultatus,
753 1684 827 1714 ibid.
852 1684 969 1723 Apollo

322 1726 363 1756 ad
379 1726 615 1765 Metapontinos
640 1727 723 1757 solos
740 1727 895 1757 Italorum
916 1737 968 1757 ve-

322 1769 378 1804 nit,
393 1769 433 1798 iv.
452 1772 520 1800 155.
537 1769 661 1808 Apollo,
676 1770 862 1810 AEgyptiace
873 1770 966 1806 Orus,

322 1811 354 1841 ii.
380 1815 446 1842 156.
472 1812 624 1851 Scythice,
650 1812 825 1853 OEtosyrus,
849 1812 888 1843 iv.
917 1816 968 1844 59.

325 1854 485 1894 Apollinis
497 1854 652 1894 templum
663 1855 758 1889 Buto‚
771 1855 802 1885 ii.
814 1858 885 1886 155.
898 1858 967 1886 156.

326 1897 484 1936 Apollinis
498 1897 654 1937 templum
674 1908 693 1928 a
715 1897 848 1928 Milesiis
869 1903 968 1928 struc-

323 1946 401 1975 tum,
418 1940 450 1970 ii.
465 1944 515 1971 78.
532 1940 689 1979 Apollinis
703 1940 870 1971 delubrum
885 1941 969 1981 apud

326 1983 421 2018 Abas,
437 1983 502 2013 viii.
526 1987 577 2013 55.
600 1983 704 2014 cultus
722 1984 847 2022 Spartae,
864 1983 903 2014 vi.
919 1987 969 2015 57.

328 2025 485 2065 Apollinis
496 2026 569 2057 Ptoi
582 2026 700 2061 fanum,
713 2027 774 2057 viii.
789 2031 856 2058 155.
872 2026 970 2066 Apol-

325 2068 397 2098 linis
411 2069 490 2105 fons,
507 2069 546 2099 iv.
565 2073 633 2100 158.
672 2069 828 2109 Apollinis
843 2069 970 2100 simula-

325 2121 415 2142 crum
441 2112 526 2151 apud
540 2112 727 2142 Laconicam
750 2112 783 2142 in
797 2112 972 2150 Thordace,

326 2155 348 2185 i.
370 2159 422 2186 69.
446 2154 604 2194 Apollinis
627 2164 714 2185 arma
741 2161 851 2195 sponte
876 2164 969 2195 appa-

327 2198 427 2227 rentia
444 2197 586 2237 Delphis,
603 2198 664 2228 viii.
685 2202 737 2229 57.

288 2239 500 2281 Apolloniain
512 2241 615 2270 Ponto
623 2241 762 2279 Euxino,
774 2241 812 2271 iv.
822 2246 872 2273 90.
881 2247 911 2272 et
922 2242 972 2273 95.

290 2282 459 2324 Apollonia
472 2283 506 2312 in
520 2283 591 2313 sinu
609 2284 708 2320 Ionio,
725 2284 764 2314 iv.
781 2288 831 2316 91·
847 2285 901 2315 ubi
923 2295 971 2315 sa-

329 2336 388 2356 crae
403 2326 475 2356 solis
490 2336 569 2361 oves,
585 2327 628 2356 ix.
646 2330 695 2358 95.

289 2368 505 2408 Apolloniates
519 2379 599 2409 ager,
616 2369 692 2400 ibid.

288 2411 522 2451 Apollophanes
539 2412 666 2442 Bisaltis
678 2418 773 2452 pater,
788 2413 828 2443 vi.
843 2417 892 2444 26.

289 2454 454 2495 Apologus
470 2454 545 2495 Cyri
558 2455 599 2484 ad
616 2455 718 2487 Iones.
734 2456 752 2486 i.
775 2459 844 2486 141.

291 2498 405 2537 Apries
420 2498 552 2538 AEgypti
565 2508 628 2533 rex,
648 2498 802 2528 Psammis
816 2499 906 2535 filius,
923 2509 970 2529 re-

330 2551 409 2581 gum
423 2540 519 2580 longo
539 2546 678 2580 tempore
699 2542 970 2577 fortunatissimus,

329 2584 360 2612 ii.
379 2587 449 2614 161.
469 2593 517 2613 res
539 2584 578 2613 ab
599 2594 636 2614 eo
658 2590 761 2624 gestae,
784 2584 856 2614 ibid.
902 2584 973 2614 Afri

333 2626 526 2665 Cyrenenses
540 2626 580 2655 ad
595 2636 668 2656 eum
679 2626 836 2663 deficiunt,
848 2627 887 2657 iv.
906 2631 974 2658 159.

332 2670 370 2697 ab
384 2679 421 2698 eo
438 2669 581 2708 AEgyptii
594 2668 776 2704 desciscunt,
789 2680 862 2710 rege
877 2669 975 2700 electo

334 2711 451 2746 Amasi,
465 2712 495 2740 ii.
513 2715 582 2742 161.
601 2715 670 2742 162.
689 2713 740 2742 Ab
751 2713 860 2742 Amasi
868 2712 976 2752 proelio

331 2753 439 2788 victus,
460 2760 491 2783 et
504 2754 592 2784 vivus
615 2761 731 2794 captus,
757 2755 788 2784 ii.
814 2760 886 2787 169.
908 2756 974 2795 ejus

331 2795 476 2825 interitus
491 2802 522 2825 et
535 2797 705 2835 sepultura,
721 2797 794 2827 ibid.

296 2837 454 2877 Apsinthii
475 2849 502 2868 V.
527 2839 685 2869 Absinthii
701 2841 844 2875 Thraces,
861 2841 900 2870 vi.
920 2844 972 2871 54.

334 2880 496 2911 Plesthoro
520 2881 677 2922 indigenae
699 2883 765 2919 deo,
796 2883 972 2917 OEobazum

331 2922 503 2961 immolant,
519 2923 560 2954 ix.
578 2928 646 2957 119.

1007 228 1103 268 Aqua
1128 226 1299 257 sacrificant
1326 227 1439 263 Persae‚
1464 225 1486 258 i.
1512 230 1582 258 131.
1610 235 1691 270 aqua

1044 269 1202 319 quomodo
1224 270 1409 309 importetur
1432 270 1466 299 in
1488 270 1573 300 arida
1591 272 1687 311 Syriae

1042 312 1142 345 loca.
1133 312 1175 342 rii.
1190 317 1219 343 6.
1233 322 1347 353 aquam
1362 313 1396 342 in
1407 313 1495 343 arida
1514 312 1584 343 loca
1608 324 1686 354 quo-

1042 355 1138 385 modo
1163 355 1331 394 deportarit
1353 366 1408 394 per
1433 355 1574 386 canalem
1605 357 1686 386 Ara-

1041 399 1120 428 bum
1145 408 1207 433 rex,
1222 397 1264 427 iii.
1282 402 1309 428 9.
1332 408 1413 438 aqua
1437 399 1581 439 quaedam
1607 399 1687 428 adeo

1042 440 1185 475 invalida,
1201 446 1239 470 ut
1252 439 1330 470 nihil
1344 451 1437 479 super
1461 451 1531 470 eam
1544 441 1687 471 innatare

1042 483 1146 522 possit,
1171 482 1226 512 sed
1240 483 1346 513 omnia
1358 483 1408 512 vel
1421 483 1508 524 ligno
1522 483 1638 513 leviora
1651 483 1686 513 in

1041 525 1236 565 profundum
1251 532 1330 560 eant,
1346 525 1388 555 iii.
1403 529 1452 556 25.
1467 536 1548 567 aqua
1555 526 1686 556 fontana

1042 569 1130 598 mirae
1159 568 1242 608 apud
1275 569 1463 598 Ammonius
1490 575 1619 602 naturae,
1646 569 1686 598 iv.

1045 615 1058 641 1
1067 615 1116 641 81.
1129 611 1192 641 alia
1204 610 1320 647 similis,
1336 611 1376 641 iv.
1392 614 1460 640 182.
1474 621 1555 651 aqua
1572 611 1684 651 StygiS,

1042 653 1083 684 iv.
1095 657 1145 685 74.
1158 664 1275 694 perque
1289 664 1358 683 eam
1363 653 1593 693 jusjurandum,
1610 654 1686 684 ibid.

1043 696 1124 726 miro
1145 696 1250 726 labore
1264 702 1296 726 et
1309 695 1456 735 impensis
1465 695 1562 735 petita
1575 697 1614 726 ab
1631 697 1686 728 Sa-

1004 782 1224 824 Aquiminaria
1240 780 1383 820 Delphos
1395 791 1415 811 a
1431 781 1537 813 Croeso
1550 782 1651 819 missa,
1667 782 1689 813 i.

1006 868 1072 898 Ara
1088 868 1221 908 Delphis
1235 879 1254 898 a
1271 868 1357 899 Chiis
1370 868 1492 904 donata,
1509 868 1541 899 ii.
1559 870 1628 899 155.
1637 877 1691 898 ara

1048 911 1206 951 Apollinis
1220 913 1258 941 ab
1276 911 1399 941 Aristea
1412 911 1512 941 extrui
1529 911 1625 951 jussa,
1649 911 1690 941 iv-

1049 958 1118 985 155.
1151 964 1203 984 ara
1230 954 1344 984 Dianae
1371 953 1534 990 Orthosiae,
1566 953 1606 983 iv.
1637 957 1690 985 87.

1045 997 1134 1029 Jovis
1158 997 1296 1032 forensis,
1326 1007 1354 1026 v.
1377 1000 1429 1027 46.
1446 1006 1499 1026 ara
1512 996 1611 1026 ventis
1625 1002 1687 1026 sta-

1045 1046 1114 1070 tuta
1127 1040 1161 1070 in
1172 1040 1281 1079 Thyiae
1296 1039 1369 1075 aede,
1386 1040 1438 1070 vii.
1455 1042 1525 1070 178.
1538 1049 1591 1069 ara
1604 1039 1690 1069 Her-

1046 1082 1133 1119 culis,
1151 1083 1202 1112 vii.
1217 1086 1285 1114 176.

1008 1125 1089 1156 Aras
1102 1136 1168 1156 non
1188 1130 1339 1156 extruunt
1356 1124 1468 1159 Persae,
1486 1124 1508 1154 i.
1524 1128 1595 1155 151·
1622 1135 1691 1155 aras

1046 1169 1139 1208 primi
1153 1175 1287 1198 statuere
1304 1167 1456 1207 AEgyptii,
1471 1167 1503 1196 ii.
1525 1171 1554 1198 4.
1579 1177 1640 1197 arae
1660 1173 1693 1198 et

1047 1211 1177 1242 delubra
1190 1217 1398 1252 praeterquam
1408 1209 1506 1240 Marti
1518 1210 1552 1239 in
1569 1210 1694 1251 Scythia

1048 1254 1143 1290 nulla,
1158 1255 1197 1284 iv.
1217 1258 1267 1285 59.

1009 1297 1134 1327 Arabiae
1148 1297 1226 1327 situs
1240 1303 1271 1327 et
1286 1295 1386 1337 qualis
1403 1306 1440 1326 ea
1453 1295 1548 1336 regio,
1564 1295 1606 1326 iii.
1623 1299 1693 1329 107.

1048 1340 1116 1380 ejus
1125 1340 1372 1380 jucundissimus
1387 1339 1470 1375 odor,
1480 1339 1524 1370 iii.
1540 1342 1610 1370 112.

1010 1383 1135 1414 Arabiae
1153 1393 1253 1418 mons,
1268 1383 1299 1412 ii.
1321 1386 1351 1413 8.

1008 1426 1133 1456 Arabiae
1147 1427 1272 1461 humus,
1296 1425 1328 1455 ii.
1351 1429 1399 1456 12.

1009 1469 1129 1499 Arabes
1138 1479 1211 1499 cum
1222 1468 1407 1499 mulieribus
1422 1468 1486 1499 suis
1499 1474 1537 1500 ut
1544 1468 1697 1499 miscean-

1050 1518 1110 1548 tur,
1128 1512 1146 1541 i.
1166 1516 1233 1542 198.
1252 1512 1388 1542 maxime
1402 1511 1496 1541 fidem
1512 1518 1632 1542 servant
1645 1512 1694 1542 in-

1051 1561 1099 1585 ter
1118 1555 1269 1590 homines,
1294 1555 1337 1584 iii.
1359 1558 1386 1584 8.
1409 1555 1532 1585 foederis
1545 1555 1630 1596 apud
1644 1565 1698 1585 eos

1053 1597 1183 1628 ineundi
1198 1608 1274 1632 mos,
1286 1597 1360 1627 ibid.
1386 1597 1484 1628 Dario
1497 1598 1697 1638 immorigeri,

1054 1641 1098 1671 iii.
1114 1644 1164 1670 88.
1185 1641 1375 1672 tributorum
1399 1641 1563 1677 immunes,
1590 1641 1634 1670 iii.
1649 1644 1700 1671 91.

1057 1683 1204 1724 Cambysi
1213 1683 1334 1713 aditum
1347 1683 1513 1722 permisere
1527 1683 1561 1713 in
1573 1683 1696 1724 AEgyp-

1053 1732 1131 1761 tum,
1154 1727 1198 1757 iii.
1224 1731 1252 1758 9.
1279 1730 1328 1755 88.
1353 1726 1481 1756 millena
1494 1725 1611 1756 talenta
1624 1727 1698 1756 thu-

1053 1769 1094 1799 n's
1112 1769 1210 1799 Dario
1224 1768 1374 1807 pendunt,
1388 1769 1432 1798 iii.
1446 1773 1496 1800 99.
1513 1769 1654 1799 Arabum
1665 1769 1700 1797 in

1053 1812 1191 1842 exercitu
1208 1811 1324 1841 Xerxis
1337 1811 1402 1841 dux
1417 1817 1448 1841 et
1462 1818 1626 1846 armatura,
1650 1811 1702 1840 vii.

1014 1893 1135 1928 Arabes
1145 1897 1270 1928 camelis
1278 1898 1436 1928 vehuntur
1446 1896 1479 1927 in
1488 1896 1580 1934 bello,
1589 1896 1639 1926 vii.
1650 1900 1702 1928 86.

1015 1940 1169 1970 Arabicus
1183 1941 1278 1976 sinus,
1294 1941 1325 1970 ii.
1343 1945 1356 1971 1
1366 1944 1392 1971 1.
1405 1941 1444 1970 iv.
1458 1944 1511 1972 59.

1015 1984 1135 2013 Ararus
1156 1983 1277 2019 fluvius,
1300 1983 1338 2014 iv.
1352 1987 1404 2014 48.

1016 2027 1168 2057 Arati-um
1196 2027 1230 2056 in
1263 2027 1439 2066 Scythicam
1467 2025 1626 2066 regionem
1661 2034 1700 2056 ex

1056 2070 1133 2099 coelo
1147 2069 1325 2105 demissum,
1344 2069 1383 2100 iv.
1397 2073 1426 2101 5.

1016 2112 1137 2142 Araxes
1151 2112 1272 2146 fluvius,
1285 2112 1305 2142 i.
1320 2115 1392 2143 202.
1406 2112 1474 2152 ejus
1489 2111 1610 2147 accolae,
1627 2110 1700 2142 ibid.

1056 2161 1163 2186 contra
1185 2155 1282 2185 solem
1305 2155 1457 2185 orientem
1481 2155 1559 2192 fluit,
1585 2155 1624 2185 iv.
1650 2158 1701 2186 40.

1055 2203 1150 2237 ponte
1155 2198 1287 2239 junctus
1301 2208 1320 2227 a
1337 2199 1430 2238 Cyro,
1445 2197 1465 2227 i.
1481 2201 1554 2228 205.

1017 2241 1153 2271 Arbores
1174 2241 1296 2271 fructus
1317 2241 1421 2276 odore,
1444 2240 1572 2280 perinde
1596 2245 1633 2269 ut
1654 2240 1702 2269 vi-

1056 2294 1142 2319 num,
1176 2283 1370 2319 inebriantes,
1403 2284 1427 2313 i.
1460 2287 1532 2313 202.
1568 2283 1704 2313 Arbores

1056 2337 1166 2357 omnes
1178 2327 1212 2356 in
1229 2327 1332 2357 Thera
1350 2332 1462 2366 praeter
1486 2335 1583 2356 unam
1607 2325 1702 2356 aridae

1056 2369 1154 2406 factae,
1170 2369 1210 2399 iv.
1228 2373 1298 2399 151.

1018 2412 1163 2448 Arcades,
1179 2413 1199 2442 i.
1225 2415 1296 2443 146.
1309 2411 1341 2442 ii.
1361 2415 1429 2443 171.
1443 2423 1471 2442 v.
1485 2415 1537 2443 49.
1564 2410 1704 2441 Arcadas

1056 2455 1193 2486 invasuri
1209 2454 1441 2485 Lacedaemonii
1461 2465 1480 2484 a
1497 2454 1610 2494 Pythia
1630 2464 1702 2493 pro-

1057 2498 1211 2533 hibentur,
1233 2502 1259 2529 1.
1287 2502 1338 2529 66.
1362 2497 1500 2527 Arcades
1518 2496 1701 2537 glandivori‚

1057 2541 1131 2571 ibid.
1159 2550 1213 2571 eos
1241 2547 1350 2571 contra
1381 2541 1522 2580 Spartam
1559 2539 1704 2570 sollicitat

1060 2583 1252 2619 Cleomenes,
1269 2584 1308 2613 vi.
1324 2587 1373 2614 74.

1020 2625 1197 2657 Arcesilaus
1210 2627 1298 2657 Batti
1307 2626 1390 2656 filius
1399 2635 1451 2656 rex
1457 2625 1589 2665 Cyren.
1580 2636 1618 2655 iv.
1631 2627 1703 2657 159

1020 2668 1198 2699 Arcesilaus
1213 2669 1293 2699 alius
1310 2669 1395 2699 Batti
1410 2668 1508 2698 felicis
1521 2668 1563 2698 fil.
1576 2668 1615 2698 iv.
1633 2671 1703 2698 160.

1060 2712 1088 2752 ej
1095 2722 1132 2741 us
1147 2712 1248 2742 clades
1263 2713 1301 2742 ab
1319 2711 1406 2742 Afris
1415 2717 1550 2750 accepta,
1561 2710 1633 2740 ibid.
1655 2711 1704 2740 in-

1060 2755 1170 2784 teritus
1184 2765 1203 2784 a
1217 2755 1311 2784 fratre
1325 2753 1518 2793 strangulati,
1529 2753 1602 2783 ibid.

1020 2797 1197 2828 Arcesilaus
1212 2797 1292 2827 alius
1310 2797 1396 2827 Batti
1406 2795 1509 2826 claudi
1524 2795 1566 2825 fil.
1581 2796 1620 2825 iv,
1633 2799 1704 2826 162.

1056 2841 1092 2869 in
1119 2840 1248 2869 Samum
1272 2839 1420 2879 profugit,
1447 2838 1519 2868 ibid.
1545 2838 1642 2868 redux
1668 2837 1703 2867 in

1056 2882 1188 2922 patriam
1217 2883 1361 2922 Cyrenen
1388 2880 1506 2911 oraculi
1529 2881 1703 2915 immemor,

1057 2925 1185 2966 ejusque
1216 2924 1357 2958 crudelia
1388 2924 1532 2963 facinora,
1563 2923 1603 2954 iv.
1634 2926 1702 2954 164.
